date_marker,ISIN,Cash_and_cash_equivalents,Inventory,Long-term_debt,Net_debt,Net_income,Number_of_employees,Sales,Short-term_debt,Total_interest-bearing_debt,Trade_payables,Trade_receivables
2018-09-30,CH0012221716,3244.08086331139,5232.02744329705,5698.66540187316,4936.71965770369,349.917055495148,,6094.74694448429,2482.13511914191,8180.80052101507,5015.06662122846,9715.8844327147
2018-09-30,DE0005140008,,,171048.0,37866.0,211.0,,8633.0,68008.0,239056.0,114959.0,
2018-09-30,DE0005190003,8975.0,15168.0,61153.0,89109.0,1373.0,,24715.0,36931.0,98084.0,10401.0,3031.0
2018-09-30,DE0005439004,1775.1,4690.0,1452.1,3033.7,626.1,,10787.8,3356.7,4808.8,6685.0,8485.7
2018-09-30,DE0005552004,2378.0,588.0,13396.0,13736.0,146.0,,14849.0,2718.0,16114.0,6621.0,8211.0
2018-09-30,DE0005557508,2235.0,1541.0,52738.0,56375.0,1111.0,,19104.0,5872.0,58610.0,8988.0,9331.0
2018-09-30,DE0005785604,2456.0,3179.0,14007.0,16505.0,419.0,,8192.0,4954.0,18961.0,1574.0,6569.0
2018-09-30,DE0005785802,1754.052,1453.747,5040.521,5616.002,284.614,,4057.852,2329.533,7370.054,610.775,3361.748
2018-09-30,DE0005810055,18491.4,0.0,2282.4,943.400000000001,225.0,,745.1,17152.4,19434.8,,
2018-09-30,DE0006047004,2118.9,1880.7,8880.9,8705.1,189.5,,4262.0,1943.1,10824.0,2281.1,1797.7
2018-09-30,DE0006048432,1220.0,2095.0,3076.0,3124.0,734.0,,4886.0,1268.0,4344.0,3717.0,3544.0
2018-09-30,DE0006062144,846.0,2202.0,1171.0,401.0,496.0,,3702.0,76.0,1247.0,1581.0,2118.0
2018-09-30,DE0006231004,2543.0,1480.0,1507.0,-1011.0,300.0,,2047.0,25.0,1532.0,1181.0,971.0
2018-09-30,DE0006599905,833.0,2814.0,7095.0,10228.0,321.0,,3749.0,3966.0,11061.0,2057.0,3000.0
2018-09-30,DE0006969603,367.4,888.4,0.0,-250.1,77.5,,1241.7,117.3,117.3,586.9,702.7
2018-09-30,DE0007037129,7489.0,1857.0,2874.0,-3684.0,-79.0,,3235.0,931.0,3805.0,2069.0,1544.0
2018-09-30,DE0007100000,24204.0,32126.0,87908.0,116922.0,1689.0,,40211.0,53218.0,141126.0,16416.0,55225.0
2018-09-30,DE0007164600,4991.0,0.0,6802.0,2934.0,973.0,,6020.0,1123.0,7925.0,1246.0,4931.0
2018-09-30,DE0007165631,87.2,310.2,913.7,940.4,34.1,,395.3,113.9,1027.6,172.4,313.2
2018-09-30,DE0007236101,12946.0,13885.0,27120.0,19231.0,537.0,,22606.0,5057.0,32177.0,10716.0,24956.0
2018-09-30,DE0007664039,41916.0,45558.0,102314.0,146218.0,2668.0,,55200.0,85820.0,188134.0,23464.0,67508.0
2018-09-30,DE0008430026,,,2742.0,-1012.0,505.0,,13224.0,0.0,2742.0,,
2018-09-30,DE000A161408,256.6,22.1,-0.1,-256.7,-33.5,,302.2,0.0,-0.1,106.9,12.0
2018-09-30,DE000A1DAHH0,347.1,1224.7,1979.9,1936.6,111.1,,3221.8,303.8,2283.7,1336.7,1958.5
2018-09-30,DE000A1EWWW0,2214.0,3216.0,1617.0,-535.0,655.0,,5873.0,62.0,1679.0,1929.0,3037.0
2018-09-30,DE000A1ML7J1,507.3,308.6,18881.5,20676.7,179.7,,1085.3,2302.5,21184.0,,
2018-09-30,DE000BASF111,2464.0,12100.0,16563.0,18026.0,965.0,,15606.0,3927.0,20490.0,5026.0,10213.0
2018-09-30,DE000BAY0017,4850.0,11042.0,40358.0,39000.0,2807.0,,9261.0,3492.0,43850.0,5557.0,11560.0
2018-09-30,DE000ENAG999,6423.0,764.0,9320.0,3551.0,142.0,,7179.0,654.0,9974.0,6987.0,
2018-09-30,DE000SHL1006,546.0,1829.0,4019.0,4162.0,369.0,,3704.0,689.0,4708.0,1278.0,2388.0
2018-09-30,DE000ZAL1111,877.0,1025.3,6.3,-867.6,-41.7,,1200.2,3.1,9.4,1356.5,323.8
2018-09-30,FI4000297767,,,248530.9954587,205357.996247582,724.0000380582,,2977.00015649069,,248530.9954587,,
2018-09-30,GB0009895292,3669.39287200332,2606.11267563446,15860.5245162002,14335.772105051,370.550959246143,,4921.19185783045,2144.64046085413,18005.1649770543,9463.6242254952,4743.00453586727
2018-09-30,IE00BZ12WP82,516.573393344879,535.514417767525,5695.22166162729,6639.69001579285,396.343391060829,,2599.87508583069,1461.04174751043,7156.26340913773,842.014631152153,1594.48987412453
2018-09-30,NL0000235190,8471.0,35052.0,7499.0,1254.0,957.0,,15451.0,2226.0,9725.0,13526.0,7951.0
2018-09-30,NL0012169213,792.707700757384,137.725354310989,918.513124016941,729.65044758743,51.8599421882629,,324.907868241191,603.845024327874,1522.35814834481,51.5815752367973,270.639688418627
2018-09-30,SE0000106270,1313.51452872902,3642.33825380355,17.12093706429,489.263701491058,299.197906516492,,5389.32763461024,1785.65729315579,1802.77823022008,3614.7754265517,
2018-09-30,SE0000108227,616.102384418249,1741.04105615616,1429.40787333995,1082.63245835155,146.462751120329,,2050.95903652161,269.326969429851,1698.7348427698,768.191769383848,1388.65062886477
2018-09-30,SE0000108656,4128.87344328314,2965.79141210765,3019.23083954304,-871.198201976717,263.805939517915,,5171.36524789035,238.44440176338,3257.67524130642,2799.18044359982,5445.5938283354
2018-09-30,SE0000112724,52.4713218659163,375.044097617269,413.187457054853,718.818385340273,95.2392298951745,,457.359732665122,358.102250151336,771.28970720619,291.109344743192,280.847425706685
2018-09-30,SE0000113250,424.223860546947,4430.24470706284,381.336783818901,792.58802973479,79.1898339390755,,4140.55194833875,835.475106462836,1216.81189028174,4160.91773763299,3678.89797458798
2018-09-30,SE0000115446,3457.00817806274,6527.74223390222,8570.73541717976,9478.62482023984,716.840984649956,,8868.68477617204,4364.89758112282,12935.6329983026,6573.14638511091,9648.23691601306
2018-09-30,SE0000148884,,,81253.8749310672,57100.2218358368,436.216815836728,,1611.09026232362,1355.34779727459,82609.2227283418,,
2018-09-30,SE0000202624,91.0019235312939,522.002523064613,1038.97089716792,947.968973636627,-139.735459402204,,546.159983344376,,1038.97089716792,155.477754458785,459.75333494693
2018-09-30,SE0000242455,,,100376.864245042,74481.7828514278,530.975524894893,,1417.34426084161,2846.42399539053,103223.288240433,,
2018-09-30,SE0000382335,461.213939054141,653.207047900648,1444.25309457406,1476.36674013448,101.020280535509,,1747.8657900314,493.327584614566,1937.58067918862,854.412382149206,1536.37534859458
2018-09-30,SE0000667891,1326.59506186098,2499.64858040214,2652.31882870942,1549.16253228486,378.073794558644,,2333.69749701768,223.438765436411,2875.75759414583,2243.77827838808,
2018-09-30,SE0000667925,2723.95864085108,180.358067594469,8647.21575716883,6372.84534278512,233.437022618949,,1987.91470270604,449.588226467371,9096.8039836362,2711.95413178951,
2018-09-30,SE0000695876,322.572775751352,886.784701645374,827.730261906981,824.729134641588,102.831459119916,,973.631319947541,319.571648485959,1147.30191039294,307.276707753539,640.208213098347
2018-09-30,SE0005190238,117.624826692045,58.9576291814446,964.32995776087,1084.76229060441,60.8339379653335,,486.479295387864,238.057159535587,1202.38711729646,602.839338116348,
2018-09-30,SE0007100581,54.1171013340354,1123.09927115589,1845.88688933104,2775.75228881836,229.112335085869,,2036.54341141135,983.982500821352,2829.86939015239,745.828530728817,1414.69266868383
2018-09-30,SE0007100599,,,75830.6443413869,124895.880382195,394.50760718435,,1548.81476184726,83669.2015163675,159499.845857754,,
2018-09-30,SE0009922164,295.659440919757,1519.24807018787,4184.4427029714,5146.35239680856,94.9509173929691,,2849.20025096089,1257.56913475692,5442.01183772832,1467.16399054974,1872.50979249179
2018-09-30,SE0011166610,1163.95332618803,1271.21942328662,1402.20410683751,836.249590918422,374.421836197376,,2275.26616323739,597.998810268939,2000.20291710645,2702.27307609469,2352.20610217005
2018-09-30,SE0011166628,1163.95332618803,1271.21942328662,1402.20410683751,836.249590918422,374.421836197376,,2275.26616323739,597.998810268939,2000.20291710645,2702.27307609469,2352.20610217005
2018-09-30,SE0012673267,63.5479988388148,0.0,5.99199989051077,-56.605998965663,21.2420011166241,,64.3350033818854,0.949999982641059,6.94199987315183,2.92599994653447,39.9339992703033
2018-09-30,SE0015810247,25.0739342495799,0.0,277.652677327394,397.794578500092,-1289.23740569502,,-1282.7023223117,145.215835422277,422.868512749672,,
2018-09-30,SE0015811559,126.91864015907,1007.31384504586,318.700353473425,262.647041000426,123.397750943899,,1202.2631341964,70.8653276860714,389.565681159496,469.240769527853,223.922818221152
2018-09-30,SE0015811963,1445.28480467945,444.554077506065,6204.39497369528,4915.94327127188,2460.74720632285,,3421.88498450816,156.83310225606,6361.22807595134,,
2018-09-30,SE0015812219,241.63915014267,0.0,1189.12407099456,1067.04595868289,92.1638965383172,,325.600919157267,119.561037831008,1308.68510882556,262.647041000426,
2018-09-30,SE0015961909,457.199991645782,476.09999130043,2211.29995959387,2125.49996116166,177.600009335865,,946.100049733454,371.399993213568,2582.69995280744,184.299996632366,905.499983454189
2018-09-30,SE0016101844,12.8273987956345,0.0,0.0290431670844555,49.7799883827567,3.64234794452786,,94.1148111365736,62.5783440113068,62.6073871783912,78.9877334140241,
2018-09-30,SE0016589188,1079.14727830142,1780.83019506186,706.813876278698,-96.810556948185,111.673042520881,,2925.79527238011,275.522845074534,982.336721353233,3118.84890264273,1907.36159299314
2018-09-30,US0258161092,26027.5504236817,0.0,47610.8477532864,23556.6076921821,1410.8449126482,,9389.29755699635,1973.31036257744,49584.1581158638,,
2018-09-30,US0311621009,25760.6541704535,2597.50321286917,25269.0484911203,3879.46618402004,1598.26977002621,,5073.36735498905,4371.07186335325,29640.1203544736,897.11579310894,2962.54841083288
2018-09-30,US0378331005,57082.2209202647,3405.9405734539,80701.6783753037,41482.5653969049,12143.9271122217,,53889.8049784899,17863.1079418659,98564.7863171697,48117.0896787643,19962.1178301573
2018-09-30,US0970231058,8600.94699919224,53411.9669605494,9028.84196001291,1623.76236641407,2029.86279022694,,21619.1993744373,1195.8674055934,10224.7093656063,11763.2371221185,11416.2719929218
2018-09-30,US1491231015,6927.24920475483,10171.3301149607,21903.5728334785,23871.7174621224,1484.78315913677,,11615.1826751232,8895.39383339882,30798.9666668773,5844.16699004173,14462.3331023455
2018-09-30,US1667641005,8629.35853582621,5190.70164746046,25819.1991550326,22459.7501869798,3479.39632022381,,36268.4293967485,5269.90956777334,31089.108722806,13202.7549782395,14440.8092109561
2018-09-30,US17275R1023,37591.4575400352,1387.40570640564,16171.3961567879,-15029.3459124565,3069.55461323261,,11305.1981824636,6390.71547079086,22562.1116275787,1593.04535627365,4003.35387039185
2018-09-30,US1912161007,16226.4312406182,2261.730507195,21974.1711972356,22376.237488389,1616.32445812225,,7500.43328332901,16628.4975317717,38602.6687290072,8882.4794985652,3187.2578369379
2018-09-30,US2546871060,3572.96597063541,1198.45027256012,14708.5664198399,14398.6223838329,1996.33265519142,,12401.8512278795,3263.02193462849,17971.5883544683,8160.99865919352,7118.38136029243
2018-09-30,US38141G1040,,,208477.829130471,333647.867116213,2170.00155973434,,11141.462049365,135682.30654031,344160.135670781,163554.023978233,
2018-09-30,US4370761029,1556.85983848572,13021.4909620285,20592.2073421478,21199.4179821014,2479.68810260296,,22748.7814700603,2164.07047843933,22756.2778205872,7990.82141590118,1916.0672955513
2018-09-30,US4385161066,10032.7162544131,4357.29657286406,12104.1755617261,5680.58541548252,2010.0886080265,,9252.59777569771,3609.12610816956,15713.3016698956,6069.73737180233,7376.66805696487
2018-09-30,US4581401001,11352.5612744093,6371.93280690908,21814.8944009542,13089.1088317037,5500.66163992882,,16475.3327611685,2626.77570515871,24441.670106113,3093.41367048025,4698.23501247168
2018-09-30,US4592001014,12624.1927776933,1629.78905600309,30984.9330884814,27772.7075375319,2314.43906450272,,16125.4157109261,9411.9672267437,40396.9003152251,4635.38524961472,23099.4402390718
2018-09-30,US46625H1005,,,249991.388930976,441999.997325957,7159.11370360851,,28682.0214082003,212004.303495705,461995.692426682,4993.54280233383,
2018-09-30,US4781601046,16671.5453145504,7471.3731790781,25380.9727263451,10235.9017891288,3382.24490332603,,17490.694029808,1526.47437733412,26907.4471036792,6026.68958902359,12094.7050495148
2018-09-30,US5801351017,2216.53033527732,36.0740419685841,27460.3528256893,25243.822490412,1407.66384855509,,4616.32582204342,0.0,27460.3528256893,803.099435520172,1951.61428005695
2018-09-30,US58933Y1055,8854.9289175868,4662.93583059311,17164.0119495392,11456.7369087338,1676.50675177574,,9285.26816368103,3147.65387678146,20311.6658263206,2661.2139313817,6348.68700420856
2018-09-30,US5949181045,116986.654479504,3111.49373924732,68752.4748315811,-41284.5455961227,7586.40798854828,,24925.7865371704,6949.63405179977,75702.1088833809,7327.59358459711,14972.0188504457
2018-09-30,US6541061031,3568.99983823299,4758.66645097733,3061.161454916,-494.590425491333,736.602440714836,,8149.58851468563,13.2479578256607,3074.40941274166,2273.34956288338,3838.3749806881
2018-09-30,US7427181091,10599.6586949229,4619.69114202261,18819.9271405935,18816.4280372858,2799.13077056408,,15282.1673065424,10596.1595916152,29416.0867322087,8980.44863927364,4421.9918051362
2018-09-30,US79466L3024,3044.8789358139,0.0,3252.28373289108,830.5017619133,90.8152252435684,,2933.7642288208,623.096964836121,3875.3806977272,141.211776733398,2400.60020446777
2018-09-30,US88579Y1010,3033.14677459002,3820.06024378538,11656.4786208272,9748.60088807344,1326.58970153332,,7008.65796947479,1125.26904183626,12781.7476626635,1746.87902516127,4588.0326885581
2018-09-30,US89417E1091,,,5134.7395298481,5342.22984284163,605.261924743652,,6639.82648408413,516.573393344879,5651.31292319298,4567.36975282431,
2018-09-30,US91324P1021,,,27596.211628139,20051.6572183371,2740.87360239029,,48623.8542838097,1291.4334833622,28887.6451115012,16350.408855021,
2018-09-30,US92343V1044,2972.87987869978,1093.41368257999,91640.1199793816,94265.1737732291,4233.3944849968,,28033.772130847,5597.93367254734,97238.0536519289,16652.6042901278,20673.2672016621
2018-09-30,US92826C8394,11364.6146535873,0.0,14317.6925522089,2953.07789862156,2359.14591121674,,4671.86548161507,0.0,14317.6925522089,157.554884970188,1040.03443193436
2018-09-30,US9311421039,8096.73024845123,44464.0581989288,44036.8925743103,45732.3164687157,1478.99081110954,,108021.68325305,9792.1541428566,53829.0467171669,43889.5027823448,5105.68830251694
2018-09-30,US9314271084,1044.82227385044,9693.97233963013,10285.714455843,13077.5007683039,976.628737807274,,29388.4371653795,3836.60858631134,14122.3230421543,12947.6707816124,6309.56071376801
2018-12-31,CH0012221716,3636.44300016074,3747.53952674732,5762.14819390397,3902.37484332862,178.779793900599,,6482.52027197416,1776.66964958539,7538.81784348936,3870.00813873253,6168.91894085484
2018-12-31,DE0005140008,,,134015.0,127420.0,-426.0,,8134.0,182136.0,316151.0,90708.0,
2018-12-31,DE0005190003,10979.0,13047.0,59705.0,75378.0,1314.0,,24482.0,26652.0,86357.0,9669.0,41220.0
2018-12-31,DE0005439004,2913.2,4521.1,1449.0,1693.7,711.5,,11230.1,3157.9,4606.9,7293.0,7940.8
2018-12-31,DE0005552004,3960.0,503.0,13869.0,12502.0,813.0,,16926.0,2593.0,16462.0,7422.0,8389.0
2018-12-31,DE0005557508,3836.0,1790.0,50972.0,55753.0,-431.0,,20261.0,8617.0,59589.0,10699.0,9988.0
2018-12-31,DE0005785604,2854.0,3218.0,14040.0,16280.0,516.0,,8835.0,5094.0,19134.0,1823.0,7075.0
2018-12-31,DE0005785802,2253.061,1521.581,5045.515,5293.167,425.0,,4300.0,2500.713,7546.228,641.271,3337.706
2018-12-31,DE0005810055,21045.3,0.0,2283.2,-18323.3,140.0,,830.4,438.8,2722.0,,
2018-12-31,DE0006047004,1607.5,1890.1,8537.1,9879.3,-20.7,,3625.8,2949.7,11486.8,2024.3,1939.2
2018-12-31,DE0006048432,1455.0,2221.0,3028.0,3473.0,543.0,,4835.0,1900.0,4928.0,3870.0,3901.0
2018-12-31,DE0006062144,865.0,2225.0,1166.0,348.0,79.0,,3272.0,47.0,1213.0,1637.0,1786.0
2018-12-31,DE0006231004,2306.0,1591.0,1511.0,-773.0,254.0,,1970.0,22.0,1533.0,1190.0,972.0
2018-12-31,DE0006599905,2178.0,2764.0,6608.0,5805.0,196.2,,3887.6,1375.0,7983.0,1144.0,2931.0
2018-12-31,DE0006969603,536.3,915.1,177.9,-337.1,15.7,,1226.4,21.3,199.2,705.3,553.7
2018-12-31,DE0007037129,7132.0,1631.0,2747.0,-3761.0,-336.0,,3395.0,624.0,3371.0,2429.0,1963.0
2018-12-31,DE0007100000,25323.0,29489.0,88662.0,119579.0,1561.0,,46610.0,56240.0,144902.0,14185.0,58026.0
2018-12-31,DE0007164600,9075.0,0.0,10536.0,2229.0,1687.0,,7428.0,768.0,11304.0,1486.0,6182.0
2018-12-31,DE0007165631,48.514,321.695,894.646,956.11,49.942,,412.333,109.978,1004.624,173.454,307.364
2018-12-31,DE0007236101,12389.0,14957.0,27756.0,23200.0,1014.0,,20116.0,7833.0,35589.0,10014.0,27804.0
2018-12-31,DE0007664039,48065.0,45745.0,113722.0,155414.0,2709.0,,61272.0,89757.0,203479.0,23607.0,72104.0
2018-12-31,DE0008430026,,,4655.0,-404.0,256.0,,13965.0,,4655.0,7501.0,
2018-12-31,DE000A161408,194.1,22.5,0.5,-193.6,-4.1,,361.7,0.0,0.5,105.2,8.6
2018-12-31,DE000A1DAHH0,398.5,1202.7,1869.6,1704.2,126.4,,3138.0,233.1,2102.7,1007.4,1843.0
2018-12-31,DE000A1EWWW0,2880.0,3445.0,1690.0,-1114.0,94.0,,5233.0,76.0,1766.0,2300.0,2418.0
2018-12-31,DE000A1ML7J1,547.7,315.9,18533.8,20569.4,943.4,,1284.6,2583.3,21117.1,,
2018-12-31,DE000BASF111,2644.0,12166.0,15498.0,18793.0,93.0,,15586.0,5939.0,21437.0,5122.0,10665.0
2018-12-31,DE000BAY0017,5002.0,11132.0,37712.0,36220.0,-3964.0,,10355.0,3510.0,41222.0,6038.0,11049.0
2018-12-31,DE000ENAG999,5357.0,684.0,8323.0,4529.0,187.0,,5634.0,1563.0,9886.0,7637.0,3896.0
2018-12-31,DE000SHL1006,757.0,2034.0,4108.0,3901.0,341.0,,3301.0,550.0,4658.0,1207.0,3019.0
2018-12-31,DE000ZAL1111,1047.4,826.4,5.6,-1039.0,56.2,,1661.6,2.8,8.4,1298.9,395.1
2018-12-31,FI4000297767,,,133970.989169343,205897.983354527,504.999973238151,,2103.99988850113,113504.990823882,247475.979993225,4440.99964097493,
2018-12-31,GB0009895292,4968.72682971199,2528.10220737106,15185.2339853821,11750.8639970988,906.168246598622,,6352.81781392013,1534.35684142866,16719.5908268108,11232.9966937204,2619.95367165271
2018-12-31,IE00BZ12WP82,3906.74884307384,1444.25489026308,10749.2453613281,9473.82220566273,2515.18638432026,,5096.97700738907,2631.32568740845,13380.5710487366,2815.90338689089,4006.47328734398
2018-12-31,NL0000235190,11545.0,31891.0,7462.0,-3904.0,1601.0,,23286.0,179.0,7641.0,16237.0,6078.0
2018-12-31,NL0012169213,1241.35326153392,142.511479516983,1461.82913662612,660.642951359868,53.4148467332125,,353.329351960123,440.16707626766,1901.99621289378,60.7225640264154,307.581678058863
2018-12-31,SE0000106270,1124.72724929452,3660.55535553396,1018.17414146662,794.878420963883,341.643029339612,,5439.86730374396,901.431528791785,1919.6056702584,3389.70861241221,614.184535011649
2018-12-31,SE0000108227,1025.16061395407,1758.85592919588,1465.21993428469,667.686417192221,204.151222631335,,2053.33303749561,227.627096861601,1692.84703114629,772.669178813696,1365.76258116961
2018-12-31,SE0000108656,4441.44175904989,2886.53260454535,3045.88143914938,-1173.06395950913,-634.932587519288,,6182.57492400706,222.496360391378,3268.37779954076,2948.4961142242,6349.28638190031
2018-12-31,SE0000112724,63.9368698596954,443.907372683287,519.28973159194,708.140300899744,83.327029645443,,477.289474457502,252.7874391675,772.077170759439,332.313854455948,259.398195773363
2018-12-31,SE0000113250,1057.91839295626,4306.56259068847,385.69324734807,44.3019360601902,230.21514236927,,4890.90907260776,716.527081668377,1102.22032901645,3756.48844027519,3345.24017858505
2018-12-31,SE0000115446,4646.57254984975,6490.67763885856,8604.83706861734,8758.06848666072,248.333926722407,,10249.8059977591,4799.80396789312,13404.6410365105,7264.92550581694,10131.7245085537
2018-12-31,SE0000148884,,,46255.8586432636,63631.097699672,443.377311229706,,1728.26072998345,38008.199767381,84264.0584106445,1073.21193435788,
2018-12-31,SE0000202624,125.604375511408,448.34743309021,727.972570717335,942.871494412422,69.0839210897684,,764.477051049471,340.503299206495,1068.47586992383,184.311840891838,602.664199233055
2018-12-31,SE0000242455,,,62479.3460301161,71287.2418613434,444.733797758818,,1410.93977406621,24906.6668546498,87386.0128847659,,
2018-12-31,SE0000382335,538.686917916896,662.992554545657,1407.51421066626,1411.80061192932,-81.5025530278206,,1921.7075083807,542.973319179957,1950.48752984622,855.793133806592,1445.21704626584
2018-12-31,SE0000667891,1784.80561557412,2406.80874457955,2741.78663527966,1191.31754118204,273.041359931231,,2516.08872771263,234.336521476507,2976.12315675616,2346.32525503635,14.1095252931118
2018-12-31,SE0000667925,1851.50518968701,182.93048876524,8583.13010662794,7674.10173931718,172.080005407333,,2151.8720946461,942.476822376251,9525.60692900419,2835.91591590643,1738.92499136925
2018-12-31,SE0000695876,484.657260417938,912.975087672472,842.624797224998,705.377596646547,125.087436363101,,1086.06125034392,347.410059839487,1190.03485706449,293.241322875023,664.825044929981
2018-12-31,SE0005190238,40.0592116713524,66.1075660586357,2147.70655283332,2752.83745229244,-65.7895966619253,,640.067857950926,645.190111130476,2792.89666396379,798.02685713768,
2018-12-31,SE0007100581,53.083388864994,1116.52719032764,1922.94082823396,2619.14230003953,157.643113061786,,2244.69452999532,749.284860670567,2672.22568890452,778.786595374346,1430.29145908356
2018-12-31,SE0007100599,,,79980.7814700902,130498.012755901,389.020958170295,,1614.60653722286,81816.4011103213,161797.182580411,,
2018-12-31,SE0009922164,296.793371200562,1503.1084497571,4292.05839335918,5063.54355606437,329.723118469119,,3014.5006352663,1068.27853390574,5360.33692726493,1569.90669187903,1843.80908498168
2018-12-31,SE0011166610,1619.53670042753,1254.85973900557,1422.2993503511,391.415991872549,503.83785367012,,2453.39967168868,588.653341948986,2010.95269230008,2711.10088446736,1865.41737896204
2018-12-31,SE0011166628,1619.53670042753,1254.85973900557,1422.2993503511,391.415991872549,503.83785367012,,2453.39967168868,588.653341948986,2010.95269230008,2711.10088446736,1865.41737896204
2018-12-31,SE0012673267,84.9509931322814,0.0,5.61899954574154,-78.381993663341,25.5349986468226,,70.2329962781397,0.949999923198872,6.56899946894041,3.18999974210989,47.6219961500808
2018-12-31,SE0015810247,47.9526523947716,0.0,280.414481699467,281.795833826065,-802.26489007473,,-787.246646359563,49.3340045213699,329.748486220837,,
2018-12-31,SE0015811559,224.173716545105,1022.0032376647,310.310888439417,107.646797865629,180.800275951624,,1215.31503818929,21.5096259713173,331.820514410734,503.79885417223,183.917168855667
2018-12-31,SE0015811963,1373.26134985685,468.475706934929,6301.53106552362,5307.64821043611,-4369.24311026931,,-3187.25888393819,379.378494769335,6680.90956029296,,
2018-12-31,SE0015812219,284.755874097347,,1211.84048706293,1048.34759607911,89.6250028163195,,319.84014518559,121.262983113527,1333.10347017646,304.390807896852,
2018-12-31,SE0015961909,394.599968099236,462.999962569555,1813.89985335835,1961.09984145822,215.799988564102,,1042.99994472825,541.799956199103,2355.69980955746,251.099979700249,959.099922463198
2018-12-31,SE0016101844,17.8351306465566,0.0679822582304478,48.0721393537223,40.0087923187315,10.0283111259341,,111.551638640463,9.77178361156583,57.8439229652882,94.549803681314,86.8169944766164
2018-12-31,SE0016589188,1171.48527136445,1652.68915146589,611.544320046902,-170.004979580641,120.436625406146,,3102.57536776364,389.935971736908,1001.48029178381,3398.42223545909,2119.58617025614
2018-12-31,US0258161092,24008.2225701213,0.0,41208.9396550655,29810.6106301546,1747.48489558697,,9908.25688540936,12609.8935452104,53818.8332002759,,
2018-12-31,US0311621009,25634.430832386,2571.84093117714,25814.6346527338,4045.83819955587,1689.64437246323,,5433.50368738174,3865.63437920809,29680.2690319419,1055.85442310572,3131.69746041298
2018-12-31,US0378331005,75604.2503941655,4363.38182473183,81344.5293704867,24758.7802296281,17496.7582449317,,73942.0978412032,19018.5012533069,100363.030623794,38746.4457022548,15813.3226234317
2018-12-31,US0970231058,7491.58018183708,54732.0991635919,9322.48598760366,4621.44069367647,2998.94348680973,,24837.2464522719,2790.53488790989,12113.0208755136,11298.6045806408,12565.2799780369
2018-12-31,US1491231015,6901.98127448559,10085.2905086875,21869.395673275,25073.6995273232,918.437397480011,,12568.9209491014,10106.2851285338,31975.6808018088,6168.04435569048,15266.5877315998
2018-12-31,US1667641005,9347.85448658466,4989.72131681442,25134.9338352084,20796.0457336307,3268.86592805386,,35007.5384348631,5008.9663850069,30143.9002202153,12205.7471131682,12921.3137395978
2018-12-31,US17275R1023,35193.6912426353,1482.41757184267,13850.7127979398,-12857.2054305673,2478.21545779705,,10928.0344283581,8485.77301412821,22336.485812068,1442.3286780715,3263.75885158777
2018-12-31,US1912161007,14097.0124509931,2686.4365645051,22198.311384201,24580.3259609342,762.443259358406,,6816.41801297665,16479.0270277262,38677.3384119272,8339.23795813322,3223.54892224073
2018-12-31,US2546871060,3897.1263089776,1187.07079714537,15025.1496033669,14180.1161545515,2443.32391619682,,13376.9355297089,3052.09286016226,18077.2424635291,9356.60224485397,8855.35569602251
2018-12-31,US38141G1040,,,206470.714103043,320128.587744534,2224.23102557659,,10650.5435988307,122982.983956575,329453.698059618,157665.221166909,
2018-12-31,US4370761029,1549.52289402485,12135.6053426862,23362.2385939956,23899.9526691437,2058.44685792923,,23263.7865671515,2087.23696917295,25449.4755631685,6758.46459120512,1687.21952915192
2018-12-31,US4385161066,9543.80427181721,3784.2802273035,8534.31296753883,4639.81098604202,1508.23545902967,,8526.21893137693,5649.3022903204,14183.6152578592,4904.86806160212,6567.81690859795
2018-12-31,US4581401001,10191.1383837461,6344.74907273054,22321.6547757983,13233.6087098122,4552.75026708841,,16350.4642412066,1103.09231775999,23424.7470935583,3345.14276218414,5880.24310863018
2018-12-31,US4592001014,10691.5101567507,1471.37294089794,31146.3933178782,29383.7200266123,1711.55366152525,,19069.845199585,8928.83686548471,40075.230183363,5736.7798730135,26454.0957822204
2018-12-31,US46625H1005,,,229996.060416698,430340.719403744,6157.38659799099,,28479.4466659427,254514.277293921,484510.337710619,100419.016276717,
2018-12-31,US4781601046,17221.7117047906,7522.19733577967,24217.2939927578,9441.45550006628,2665.92229306698,,17875.3507599235,2445.87321209908,26663.1672048569,6593.18540757895,12332.5896080732
2018-12-31,US5801351017,757.555866122246,44.7010447561741,27183.9212546289,26426.3653885066,1240.32867237926,,4524.70637708902,0.0,27183.9212546289,1056.64172134995,2135.76518145204
2018-12-31,US58933Y1055,7754.01292991638,4758.78049850464,17325.8100281954,14215.1071876287,1601.13084465265,,9625.18887072802,4643.31008934975,21969.1201175451,2902.50619375706,6185.5398722291
2018-12-31,US5949181045,111675.631617665,1715.43539661169,70245.3736783862,-36897.1696041226,7379.0485560894,,28379.5403078198,4533.08833515644,74778.4620135427,6615.92957907915,17215.5882740021
2018-12-31,US6541061031,3553.17475008965,4755.42295396328,3042.9437738657,-490.91069829464,967.314648449421,,8443.13694059849,19.320277929306,3062.26405179501,2025.99459922314,3994.90655910969
2018-12-31,US7427181091,8748.27447104454,4771.7860751152,19022.1311643124,18209.9122579098,2417.51297056675,,14498.0322482586,7936.05556464195,26958.1867289543,9090.26137900352,4629.29153013229
2018-12-31,US79466L3024,3784.04297292233,0.0,2765.26217252016,-841.866769194603,317.900069355965,,3164.07168477774,176.914031207561,2942.17620372772,143.797118961811,4291.25462889671
2018-12-31,US88579Y1010,2828.15024846792,3819.27126038074,11797.2268019915,10028.430079937,1180.47249466181,,6962.77206391096,1059.35352641344,12856.5803284049,1982.24202382565,4391.37465119362
2018-12-31,US89417E1091,,,5217.16303181648,5415.73714452982,539.844882488251,,6832.1927011013,524.8654961586,5742.02852797508,4438.61254584789,
2018-12-31,US91324P1021,,,33641.2539762855,26447.0975756049,2664.16954994202,300000.0,51194.9975654483,2311.1577347517,35952.4117110372,14613.1301888824,
2018-12-31,US92343V1044,3317.14993572235,1168.70050477982,92615.1411246657,95587.6293845773,1699.28445965052,,30042.8935334086,6289.63819563389,98904.7793202996,6326.37878036499,21958.622807622
2018-12-31,US92826C8394,11587.280603528,0.0,14550.1463293433,2962.8657258153,2516.93912744522,,4825.30182301998,0.0,14550.1463293433,108.472202539444,1229.06003683805
2018-12-31,US9311421039,6759.3360888958,38580.3312686086,43751.7985650897,43816.2893941998,3237.83855170012,,121884.818580449,6823.82691800594,50575.6254830956,41012.6813232899,5475.61999052763
2018-12-31,US9314271084,886.098201394081,8947.04507017136,11139.8966151476,14957.4078950882,1016.51503020525,,30335.549665451,4703.60948133469,15843.5060964823,12600.3339877129,6874.50616502762
2019-03-31,CH0012221716,3176.73778115628,3971.14487417322,6986.68570035633,5404.9962416141,349.636662569508,,6029.25086133716,1595.04832241405,8581.73402277038,3634.50150964362,6762.25679066994
2019-03-31,DE0005140008,,,164765.0,-3863.0,178.0,,9647.0,18686.0,183451.0,,
2019-03-31,DE0005190003,12441.0,16455.0,69998.0,98798.0,517.0,,22462.0,41241.0,111239.0,10391.0,42094.0
2019-03-31,DE0005439004,1974.0,4895.3,2324.3,4335.5,575.2,,11046.7,3985.2,6309.5,7186.1,8678.3
2019-03-31,DE0005552004,3919.0,524.0,14017.0,12712.0,746.0,,15353.0,2614.0,16631.0,6634.0,8593.0
2019-03-31,DE0005557508,6144.0,2015.0,65133.0,72639.0,900.0,,19488.0,13650.0,78783.0,10241.0,9990.0
2019-03-31,DE0005785604,1543.0,3509.0,20958.0,24835.0,453.0,,8495.0,5420.0,26378.0,1760.0,7415.0
2019-03-31,DE0005785802,958.788,1695.658,9661.727,12273.651,270.749,,4132.557,3570.712,13232.439,707.774,3856.891
2019-03-31,DE0005810055,20792.9,0.0,2283.9,259.5,275.2,,812.2,18768.5,21052.4,,
2019-03-31,DE0006047004,1624.4,1926.2,9269.6,9970.5,401.0,,4805.8,2325.3,11594.9,2358.2,2390.4
2019-03-31,DE0006048432,1402.0,2249.0,2193.0,3837.0,598.0,,5143.0,3046.0,5239.0,3972.0,4014.0
2019-03-31,DE0006062144,771.0,2237.0,1722.0,1121.0,179.0,,3175.0,170.0,1892.0,1438.0,1857.0
2019-03-31,DE0006231004,1882.0,1706.0,1521.0,-333.0,249.0,,1983.0,28.0,1549.0,1128.0,997.0
2019-03-31,DE0006599905,2340.0,2937.0,5047.0,7150.0,198.0,,3746.0,4443.0,9490.0,1633.0,3616.0
2019-03-31,DE0006969603,420.4,907.5,0.0,-163.3,94.4,,1319.3,257.1,257.1,559.3,769.2
2019-03-31,DE0007037129,6549.0,1179.0,2418.0,-585.0,-52.0,,3716.0,3546.0,5964.0,2546.0,1789.0
2019-03-31,DE0007100000,26059.0,33505.0,95230.0,128852.0,2095.0,,39698.0,59681.0,154911.0,15762.0,59744.0
2019-03-31,DE0007164600,7923.0,0.0,14735.0,8430.0,-114.0,,6091.0,1618.0,16353.0,1646.0,6755.0
2019-03-31,DE0007165631,50.0,347.6,913.4,969.9,37.8,,435.7,106.5,1019.9,192.9,330.5
2019-03-31,DE0007236101,8885.0,15634.0,27479.0,27586.0,1811.0,,20936.0,8992.0,36471.0,10259.0,27967.0
2019-03-31,DE0007664039,39278.0,49477.0,121336.0,165978.0,2912.0,,60012.0,83920.0,205256.0,24405.0,76570.0
2019-03-31,DE0008430026,,,4151.0,-731.0,632.0,,16048.0,0.0,4151.0,,
2019-03-31,DE000A161408,189.1,30.2,0.4,-188.7,-46.1,,420.1,0.0,0.4,142.7,14.2
2019-03-31,DE000A1DAHH0,441.6,1214.3,2194.8,2104.0,104.8,,3182.3,350.8,2545.6,1360.0,2003.9
2019-03-31,DE000A1EWWW0,2589.0,3285.0,1606.0,-907.0,630.0,,5883.0,76.0,1682.0,2021.0,3044.0
2019-03-31,DE000A1ML7J1,1873.2,328.3,19487.2,20468.3,185.2,,949.9,2854.3,22341.5,,
2019-03-31,DE000BASF111,2344.0,12455.0,16097.0,19431.0,1129.0,,15596.0,5678.0,21775.0,4991.0,12751.0
2019-03-31,DE000BAY0017,4062.0,10512.0,37951.0,38075.0,1129.0,,12252.0,4186.0,42137.0,5714.0,14264.0
2019-03-31,DE000ENAG999,3741.0,593.0,8904.0,6836.0,215.0,,8929.0,1673.0,10577.0,7631.0,6769.0
2019-03-31,DE000SHL1006,777.0,2121.0,3926.0,3699.0,376.0,,3506.0,550.0,4476.0,1320.0,3162.0
2019-03-31,DE000ZAL1111,869.8,985.4,446.8,-356.7,-17.6,,1378.2,66.3,513.1,1374.4,376.6
2019-03-31,FI4000297767,,,255979.006960765,210215.005716317,417.000004258377,,3103.00003168764,,255979.006960765,,
2019-03-31,GB0009895292,4415.54998714982,2716.30243259519,15905.0639815467,14801.62178024,522.253225495649,,5289.46521471648,3312.10778584311,19217.1717673898,11668.5227776597,4710.33559540851
2019-03-31,IE00BZ12WP82,5157.4119374752,1484.6150405407,11564.3229162693,8390.25692677498,383.103148341179,,6115.55922317505,1983.34594798088,13547.6688642502,2819.61080884933,4181.32430434227
2019-03-31,NL0000235190,8409.0,35154.0,8638.0,1180.0,40.0,,12549.0,951.0,9589.0,13833.0,7622.0
2019-03-31,NL0012169213,695.009127835989,148.811506280184,1278.72021954036,912.922473114729,25.9981722736359,,307.058494440794,329.21138141036,1607.93160095072,56.3182971317768,304.087811948061
2019-03-31,SE0000106270,1127.48580587655,3802.49368739128,1150.22389613092,828.751063622534,77.6217456534505,,4931.3491338864,806.012973368168,1956.23686949909,3466.84522539377,
2019-03-31,SE0000108227,1041.69363939762,1807.43304157257,1685.77889454365,942.027495265007,164.899879619479,,2042.33971975744,297.94224011898,1983.72113466263,815.956544160843,1501.42533314228
2019-03-31,SE0000108656,4669.90615224838,3170.88125610352,3937.00472819805,-272.881677865982,222.394075132906,,4694.17550213635,460.019746184349,4397.0244743824,2961.37111496925,5947.32270479202
2019-03-31,SE0000112724,46.8565301895142,467.797162055969,600.589336752892,896.707244753838,87.1531377732754,,487.212915569544,342.97443819046,943.563774943352,339.325773954391,288.148457169533
2019-03-31,SE0000113250,795.120751023293,4423.33326387405,1230.56002235413,1005.59106695652,82.9298579692841,,3562.43249829859,570.151795625687,1800.71181797981,3828.88904583454,3224.65104484558
2019-03-31,SE0000115446,5207.79607462883,7106.73377454281,9882.02301347256,9528.48665249348,1018.86625271291,,10290.2132096887,4854.25971364975,14736.2827271223,7515.38416898251,11358.5798193216
2019-03-31,SE0000148884,,,91340.7565032244,65976.8750312328,449.299380965531,,1613.77280328423,1632.29715824127,92973.0536614656,,
2019-03-31,SE0000202624,95.3453575372696,489.977199912071,1122.54035747051,1027.19499993324,0.575901791453362,,532.517189830542,,1122.54035747051,168.70271217823,506.588223934174
2019-03-31,SE0000242455,,,99433.6858137846,78969.0962535143,505.833740159869,,1445.32152928412,2181.13307332993,101614.818887115,,
2019-03-31,SE0000382335,388.832000598781,660.016939174889,1521.66366519257,1555.50612058138,98.1096347101552,,1914.63506157879,422.674455987589,1944.33812118016,843.56773011261,1555.59517967451
2019-03-31,SE0000667891,1905.46688854694,2521.13096964359,2705.38851356506,1311.69479286671,301.388604193926,,2401.99038852006,511.773167848587,3217.16168141365,2559.05787420273,8.64157319068909
2019-03-31,SE0000667925,2021.16795182228,192.995134592056,9615.86255919933,9158.72333741188,196.286527253687,,1999.91495445371,1564.02873003483,11179.8912892342,2605.43431699276,1633.92945539951
2019-03-31,SE0000695876,539.810271978378,1034.97241580486,836.312249898911,616.144168496132,116.908063665032,,975.001732930541,319.6421905756,1155.95444047451,323.770942211151,644.085255146027
2019-03-31,SE0005190238,87.9520115852356,79.4064558744431,2697.13101029396,2985.37548494339,69.3961658701301,,647.217629961669,376.196486234665,3073.32749652863,679.611722707748,
2019-03-31,SE0007100581,39.7512366771698,1181.39907264709,2225.68518400192,3084.08145427704,212.987679205835,,2064.12800420076,898.147506952286,3123.83269095421,708.128914237022,1450.15199887753
2019-03-31,SE0007100599,,,82891.9864121675,128138.111428857,456.402169726789,,1639.49641663581,79057.9124224186,161949.898834586,,
2019-03-31,SE0009922164,402.313240766525,1582.27205121517,4251.84604477882,5182.25542497635,167.875372208655,,2942.47421979904,1332.72262096405,5584.56866574287,1657.06966805458,1978.53619074821
2019-03-31,SE0011166610,1295.75589120388,1344.82082343102,1640.55466151237,511.581132888794,354.947470799088,,2320.98020318896,166.782362580299,1807.33702409267,2731.40925061703,2516.33009564877
2019-03-31,SE0011166628,1295.75589120388,1344.82082343102,1640.55466151237,511.581132888794,354.947470799088,,2320.98020318896,166.782362580299,1807.33702409267,2731.40925061703,2516.33009564877
2019-03-31,SE0012673267,103.73400282081,0.0,17.9820004889795,-81.9610022287425,28.5760002918207,,79.2870008096859,3.7910001030876,21.7730005920671,3.51200009550083,47.9160013029664
2019-03-31,SE0015810247,33.0300130844116,0.0,277.298481941223,359.489444732666,1319.00706969202,,1324.95805487037,115.220975875854,392.519457817078,,
2019-03-31,SE0015811559,185.313736200333,1153.5540034771,318.105910897255,159.485034108162,181.505047939718,,1252.29844551533,26.6928594112396,344.798770308495,521.855003237724,250.41358757019
2019-03-31,SE0015811963,992.916759610176,490.745339751244,6504.89621055126,5716.11261320114,2765.57638619095,,3791.64141129702,204.133162260056,6709.02937281132,,
2019-03-31,SE0015812219,400.872978568077,,1304.68551683426,1018.84147918224,84.4655960798264,,312.714672759175,115.028940916061,1419.71445775032,257.998968482018,
2019-03-31,SE0015961909,442.900012043656,431.700011739097,2210.20006010135,2098.4000570612,164.900001683974,,916.500009359379,331.100009003509,2541.30006910486,210.10000571319,953.800025936416
2019-03-31,SE0016101844,16.7550502419472,0.0,51.0716975569725,46.4820620179176,5.55745228752494,,105.754765637219,12.1654147028923,63.2371122598648,82.7766694188118,
2019-03-31,SE0016589188,894.018755316734,1827.40467739105,848.890539765358,531.072681307793,-15.5493483692408,,2630.71938335896,576.200896859169,1425.09143662453,3318.6521576643,2058.51875150204
2019-03-31,US0258161092,29547.1344931126,0.0,52026.5395550728,24285.5234196186,1355.39251792431,,9915.766315341,1806.11835765839,53832.6579127312,,
2019-03-31,US0311621009,23423.431422472,2686.02217292786,26438.9722306728,6422.05102419853,1754.34821033478,,4881.70287644863,3406.5102159977,29845.4824466705,971.634678602219,3358.41830706596
2019-03-31,US0378331005,71632.8983538151,4349.64598560333,80332.1903250217,28674.3554050922,10181.736776948,,51008.2026336193,19975.0634338856,100307.253758907,27112.2589557171,13434.56381917
2019-03-31,US0970231058,6883.3771135807,58217.0369436741,10852.7407822609,7195.08393073082,1890.85622870922,,20178.5272064209,3225.72026205063,14078.4610443115,13085.4521839619,12661.5309126377
2019-03-31,US1491231015,6374.84970617294,10989.8917818069,22044.7966997623,26116.578322649,1656.59085524082,,11858.5836607218,10446.6313290596,32491.4280288219,6410.47334241867,15935.3430836201
2019-03-31,US1667641005,7970.78860998154,5987.44266200066,25654.3616423607,25173.4425530434,2332.96606886387,,30319.7519263029,7489.86952066422,33144.2311630249,12673.1085944176,13275.1480469704
2019-03-31,US17275R1023,30911.9306530356,1350.04910308123,14206.2999141812,-9766.21773511171,2695.78264045715,,11475.6739339828,6939.41300374269,21145.7129179239,1804.22953498363,3386.27650111914
2019-03-31,US1912161007,10640.7801465988,2830.29789972305,27089.1035921574,29912.2767646313,1477.80938601494,,7661.18226993084,13463.9533190727,40553.0569112301,9560.49337744713,3430.55617046356
2019-03-31,US2546871060,9002.09287929535,1286.90385937691,33667.008024931,41726.8557255268,4783.06482446194,,13161.1343650818,17061.9405798912,50728.9486048222,18259.7853486538,12996.3930933475
2019-03-31,US38141G1040,,,213180.745203495,323725.341428518,1982.44870555401,,11693.012644887,121000.133463144,334180.878666639,161194.282239199,
2019-03-31,US4370761029,1679.30760872364,13826.1803385615,28508.075872004,28835.5497786999,2225.52620744705,,23363.1543488503,2006.78151541948,30514.8573874235,9200.4998690486,2067.45787960291
2019-03-31,US4385161066,9515.07324123383,4050.40744113922,8126.64201855659,5461.10343647003,1247.06680011749,,7824.11119508743,6849.53465914726,14976.1766777039,4971.27843809128,6507.54775118828
2019-03-31,US4581401001,10716.480373621,6915.43838620186,23556.1294674873,15446.4086761475,3499.88945174217,,14144.8727942705,2606.75958228111,26162.8890497684,3614.9084880352,6195.84093403816
2019-03-31,US4592001014,16157.9908101559,1577.23649477959,38577.7262814045,32717.6381189823,1402.95015013218,,16012.8309037685,10297.9026477337,48875.6289291382,5086.16466498375,24760.2083725929
2019-03-31,US46625H1005,,,288740.258862495,532042.925929928,8038.12054002285,,31483.1525216103,262884.623675346,551624.882537842,5165.42725563049,
2019-03-31,US4781601046,13658.1021366119,8091.90897321701,25217.9720983505,13302.7563650608,3301.73265087605,,17650.9271242619,1742.88640332222,26960.8585016727,6165.56084322929,12570.6906402111
2019-03-31,US5801351017,2038.65164325237,36.3361089706421,39650.443027854,38295.676141429,1169.91775231361,,4364.38152165413,683.884756827354,40334.3277846813,733.49067029953,1774.68049867153
2019-03-31,US58933Y1055,7835.41879224777,5087.05525588989,20927.1051125526,16140.178992033,2567.23144233227,,9495.67389750481,3048.49267172813,23975.5977842808,2687.80335474014,6775.61561393738
2019-03-31,US5949181045,117217.793884754,1737.54285788536,69541.7909061909,-40321.5032756329,7758.05892813206,,26865.6587129831,7354.49970293045,76896.2906091213,6718.61779594421,17160.7961704731
2019-03-31,US6541061031,4184.50209146738,5045.09345018864,3108.53854703903,-1062.50278282166,880.052768886089,,9074.59872305393,13.4607616066933,3121.99930864573,2343.96728777885,3833.62490558624
2019-03-31,US7427181091,9033.19290089607,4405.51460909843,17909.2028009892,17391.1135804653,-4664.25063586235,,15212.8792920113,8515.10368037224,26424.3064813614,9887.60105609894,4347.5588657856
2019-03-31,US79466L3024,5691.97834008932,0.0,5277.95138448477,347.104495108128,347.157291412354,,3309.50713777542,761.131450712681,6039.08283519745,1829.21392023563,2153.11862903833
2019-03-31,US88579Y1010,3096.58458065987,4041.50153207779,14423.1197249889,12271.452095747,784.700931429863,,6924.91966760159,944.916951417923,15368.0366764069,2056.37440228462,4607.02675747871
2019-03-31,US89417E1091,,,6027.5192527771,6308.94597911835,696.631242156029,,6755.82586419582,599.367679834366,6626.88693261147,4850.1580748558,
2019-03-31,US91324P1021,,,32997.2836635113,26032.8627774715,3053.37612712383,,53113.0682072639,4085.14048647881,37082.4241499901,15050.9863138199,
2019-03-31,US92343V1044,3039.5867626667,1261.9673140049,110447.521816254,117748.586064816,4431.66676425934,,28295.0297698975,10340.6510112286,120788.172827482,16621.9886722565,22477.6238801479
2019-03-31,US92826C8394,11063.8108270168,0.0,14810.5267691612,3746.71594214439,2528.48077905178,,4838.54872870445,0.0,14810.5267691612,105.980317831039,1250.38963222504
2019-03-31,US9311421039,8291.24670577049,39931.2937290072,59743.0189343691,59014.0102646947,3402.49569797516,,109748.641169071,7562.2380360961,67305.2569704652,40251.6292399168,4766.66378629208
2019-03-31,US9314271084,931.484703183174,8860.77067363262,10882.577066958,14871.4494230747,912.087045609951,,30780.4907265306,4920.35705929995,15802.9341262579,12680.0374335051,6496.16355139017
2019-03-31,US2605571031,2772.40949082375,8467.73833560944,17175.9362158775,17220.4657611847,109.206414699554,,9660.36421644688,2816.93903613091,19992.8752520084,7373.20211195946,7529.05552053452
2019-06-30,CH0012221716,2834.5627328217,3912.8908108592,7622.93651909083,7163.68115686476,-64.0767103803925,,6384.53222595744,2375.30737059563,9998.24388968647,3606.42786359936,6740.42860506177
2019-06-30,DE0005140008,,,158565.0,17533.0,-3190.0,,10254.0,19950.0,178515.0,,
2019-06-30,DE0005190003,10576.0,16850.0,70865.0,100580.0,1454.0,,25715.0,40291.0,111156.0,9886.0,42619.0
2019-06-30,DE0005439004,1951.3,4944.8,2793.2,5717.7,484.8,,11264.0,4875.8,7669.0,6956.3,8507.2
2019-06-30,DE0005552004,2220.0,541.0,13901.0,15023.0,458.0,,15480.0,3342.0,17243.0,6543.0,8485.0
2019-06-30,DE0005557508,3894.0,1702.0,65205.0,76419.0,944.0,,19664.0,15108.0,80313.0,9647.0,9898.0
2019-06-30,DE0005785604,1463.0,3601.0,21252.0,25416.0,471.0,,8761.0,5627.0,26879.0,1719.0,7190.0
2019-06-30,DE0005785802,922.102,1687.492,9846.638,12487.461,253.78,,4345.032,3562.925,13409.563,680.235,3580.28
2019-06-30,DE0005810055,22581.1,0.0,2284.7,664.300000000003,266.9,,817.4,20960.7,23245.4,,
2019-06-30,DE0006047004,1909.0,1960.2,10001.6,9518.4,546.0,,4943.3,1425.8,11427.4,2362.1,2521.2
2019-06-30,DE0006048432,1132.0,2215.0,1552.0,3482.0,614.0,,5037.0,3062.0,4614.0,3800.0,3954.0
2019-06-30,DE0006062144,640.0,2079.0,1702.0,1614.0,189.0,,3211.0,552.0,2254.0,1424.0,1803.0
2019-06-30,DE0006231004,3435.0,1758.0,1507.0,-1900.0,224.0,,2015.0,28.0,1535.0,1079.0,957.0
2019-06-30,DE0006599905,3451.0,3033.0,6497.0,7979.0,421.0,,3971.0,4933.0,11430.0,1737.0,3468.0
2019-06-30,DE0006969603,366.2,1063.3,0.0,-178.0,49.7,,1226.8,188.2,188.2,740.1,704.7
2019-06-30,DE0007037129,5659.0,1235.0,2533.0,-938.0,-429.0,,2725.0,2188.0,4721.0,2303.0,1516.0
2019-06-30,DE0007100000,20785.0,33459.0,88990.0,133318.0,-1328.0,,42650.0,65113.0,154103.0,15194.0,58770.0
2019-06-30,DE0007164600,5570.0,0.0,14067.0,10680.0,569.0,,6631.0,2183.0,16250.0,1472.0,5893.0
2019-06-30,DE0007165631,53.8,369.8,968.5,1036.6,44.5,,459.0,121.9,1090.4,200.6,331.8
2019-06-30,DE0007236101,8022.0,15858.0,26124.0,27852.0,954.0,,14238.0,9750.0,35874.0,10411.0,29285.0
2019-06-30,DE0007664039,42696.0,49786.0,126008.0,168826.0,3964.0,,65185.0,85514.0,211522.0,25187.0,76620.0
2019-06-30,DE0008430026,,,4369.0,244.0,992.0,,15605.0,0.0,4369.0,,
2019-06-30,DE000A161408,164.4,29.7,87.1,-77.3,-4.8,,436.7,0.0,87.1,115.0,13.3
2019-06-30,DE000A1DAHH0,352.2,1250.5,2277.5,2300.1,124.5,,3254.3,374.8,2652.3,1328.2,1975.0
2019-06-30,DE000A1EWWW0,2461.0,3579.0,4126.0,2786.0,462.0,,5509.0,1121.0,5247.0,2111.0,2780.0
2019-06-30,DE000A1ML7J1,1280.6,322.3,19386.7,20594.8,-86.5,,885.7,2488.7,21875.4,,
2019-06-30,DE000BASF111,2165.0,12356.0,15960.0,18872.0,268.0,,14478.0,5077.0,21037.0,4835.0,11233.0
2019-06-30,DE000BAY0017,3343.0,10271.0,36652.0,39985.0,319.0,,10713.0,6676.0,43328.0,5384.0,14243.0
2019-06-30,DE000ENAG999,2569.0,677.0,7342.0,7678.0,-39.0,,6722.0,2905.0,10247.0,6694.0,5388.0
2019-06-30,DE000SHL1006,828.0,2153.0,3898.0,4089.0,348.0,,3569.0,1019.0,4917.0,1293.0,3277.0
2019-06-30,DE000ZAL1111,954.4,862.9,437.1,-452.6,45.5,,1597.3,64.7,501.8,1343.4,401.8
2019-06-30,FI4000297767,,,243967.988463623,202228.990437312,680.99998773106,,3171.99994285305,,243967.988463623,,
2019-06-30,GB0009895292,5485.59901501408,2807.34113190332,15691.0787256741,11816.8250272201,115.694060388377,,5182.20395108862,1611.34531656008,17302.4240422342,11096.7688094658,4670.70612467743
2019-06-30,IE00BZ12WP82,2358.62312936783,1499.82438755035,11389.1816782951,10743.7654459476,456.546570539474,,6411.23098278046,1713.20689702034,13102.3885753155,2948.71797037125,4292.23747444153
2019-06-30,NL0000235190,7129.0,34776.0,8635.0,2742.0,1157.0,,18317.0,1236.0,9871.0,13069.0,5871.0
2019-06-30,NL0012169213,690.165091123581,148.858448581696,1274.75150216031,911.620133143187,39.8058772068024,,339.617251221657,327.033722106457,1601.78522426677,49.636459795475,326.82736453557
2019-06-30,SE0000106270,1232.94601881504,3809.91257542372,1347.22642374039,1118.38274160028,432.046227715909,,5434.7614120692,1004.10233667493,2351.32876041532,4350.67010203004,
2019-06-30,SE0000108227,689.569363161922,1779.28960025311,1675.46615921706,,142.323917962611,,2118.18680816889,293.298854850233,1968.76501406729,800.017818666995,1475.39072225243
2019-06-30,SE0000108656,4908.66250623018,3419.92711197585,3855.66377791017,-621.710286386311,160.597141049802,,5162.65648148954,431.288441933692,4286.95221984386,2970.65648791194,5446.61368111521
2019-06-30,SE0000112724,30.5697096213698,463.372440576553,655.497860178351,889.076941743493,66.3110775947571,,492.435104638338,264.148791186512,919.646651364863,314.972116470337,305.697096213698
2019-06-30,SE0000113250,407.154460653663,4512.10806872696,1135.62212305516,1253.07416528463,153.909518167377,,4010.1247407943,524.606502883136,1660.2286259383,3649.72047098726,3546.65417446196
2019-06-30,SE0000115446,4047.12669606507,6741.6147236824,9797.63925518095,10779.7503286824,1048.44972259551,,11368.3937488943,5029.23776956648,14826.8770247474,7475.66632685065,11881.6795210093
2019-06-30,SE0000148884,,,90744.2428282276,80147.3428988904,460.786635786295,,1737.18068761379,4353.58093678951,95097.8237650171,,
2019-06-30,SE0000202624,109.596667930484,497.91715887934,1106.85063164681,997.253963716328,9.70176277309656,,591.242377929389,,1106.85063164681,183.512900792062,497.727872751653
2019-06-30,SE0000242455,,,98428.3131816611,76915.5661978349,502.607826769352,,1449.14194431156,1833.70936196297,100262.022543624,,
2019-06-30,SE0000382335,356.866860539861,646.382126091022,1735.24754702957,1735.24754702957,97.0940153593183,,1917.58455448877,356.866860539861,2092.11440756943,831.489247650576,1477.95918546909
2019-06-30,SE0000667891,773.044545471668,2588.01458079368,2342.22654399276,1864.75228690356,339.938464544713,,2492.97626519948,295.570288382471,2637.79683237523,2410.3695499599,4.54286706447601
2019-06-30,SE0000667925,1160.79717803746,150.766400702298,9586.01736442745,9697.22296444327,156.17012308538,,1995.92575885355,1272.00277805328,10858.0201424807,3009.27085795999,1579.49809248
2019-06-30,SE0000695876,569.372672080994,1079.49878619611,1010.03077733517,880.748352125287,132.716347061098,,1068.04163188487,440.090246871114,1450.12102420628,330.77750813216,669.221104435623
2019-06-30,SE0005190238,351.598982177675,70.1305103078485,2655.77901450545,2552.42878878862,10.0785302594304,,639.939575538039,248.248756460845,2904.02777096629,764.621312789619,
2019-06-30,SE0007100581,33.5982876643538,1165.907903485,2178.21011435241,3271.43214480579,241.319574996829,,2217.65342456102,1126.82031811774,3305.03043247014,717.962282314897,1467.72463408113
2019-06-30,SE0007100599,,,91625.1804664806,128853.786773734,397.207122467458,,1656.83502115309,62905.269527927,154530.449994408,,
2019-06-30,SE0009922164,340.904315963387,1529.90512702614,4211.61634102464,5327.26877760887,214.192315980792,,3020.54493793845,1456.55675254762,5668.17309357226,1567.19449418038,1921.44348214567
2019-06-30,SE0011166610,1109.21670824289,1381.78873211145,1638.55536431819,735.849821381271,384.302836060524,,2409.42807510495,206.511165305972,1845.06652962416,2989.30117148906,2589.43422675133
2019-06-30,SE0011166628,1109.21670824289,1381.78873211145,1638.55536431819,735.849821381271,384.302836060524,,2409.42807510495,206.511165305972,1845.06652962416,2989.30117148906,2589.43422675133
2019-06-30,SE0012673267,88.6799958066391,0.0,18.5149991244917,-65.9339968822163,34.5289993779333,,85.7279984555437,4.2309997999311,22.7459989244228,3.03799985634381,54.4259974263886
2019-06-30,SE0015810247,31.0429249405861,0.0,274.843457400799,461.479579299688,561.477746509016,,571.179509282112,217.679046839476,492.522504240274,,
2019-06-30,SE0015811559,78.1751707345247,1036.34154908359,338.916811622679,431.667014189065,106.531006760895,,1200.66378707439,170.92537330091,509.842184923589,462.709939129651,238.311234757304
2019-06-30,SE0015811963,1488.54610812664,471.606387130916,6958.82055520266,5676.59632625431,1702.3296951279,,2787.13748015463,206.321879178286,7165.14243438095,,
2019-06-30,SE0015812219,204.523660965264,,1246.63843694329,1097.29168219864,101.727221310139,,350.299570418894,55.1769062206149,1301.81534316391,275.695244975388,
2019-06-30,SE0015961909,403.499980919924,435.999979383115,2263.39989297189,2215.39989524164,152.599997250793,,975.999982416603,355.499983189673,2618.89987616156,222.799989464583,935.999955739898
2019-06-30,SE0016101844,17.5562883429229,0.0,47.3499248407781,41.7754483804107,5.02042675539851,,110.835575292259,11.9818118825555,59.3317367233336,91.6996645577252,
2019-06-30,SE0016589188,745.976629212499,1816.57896740735,938.19669187814,673.480042308569,94.7570228129625,,2753.41679012775,481.259979642928,1419.45667152107,3244.08029935509,2102.59030634165
2019-06-30,US0258161092,23594.1343495846,0.0,50698.9817562103,29587.2850785255,1555.64016628265,,10438.2743194103,2482.4376718998,53181.4194281101,,
2019-06-30,US0311621009,19106.0767121315,2788.90061759949,24728.6619307995,8213.03132128716,1939.2104818821,,5205.34286761284,2590.44610261917,27319.1080334187,878.995440244675,3337.72394442558
2019-06-30,US0378331005,83315.7715988159,2946.08361840248,74583.772939682,11887.9523177147,8938.7012758255,,47827.0355699062,20619.9509768486,95203.7239165306,25566.3858568668,12423.603884697
2019-06-30,US0970231058,8435.19500398636,60144.0116815567,13808.3949029446,9419.56452298164,-2618.24563455582,,14016.7806744576,4046.36462402344,17854.759526968,13406.2171690464,12038.1103799343
2019-06-30,US1491231015,6549.87711167336,10543.5546963215,22167.1936998367,25892.1673836708,1441.72601222992,,12843.8208694458,10274.8507955074,32442.0444953442,6166.13984155655,16275.9045803547
2019-06-30,US1667641005,7902.17778897285,5979.10085177422,24384.4399402142,22565.8589644432,3831.25338435173,,32331.1508014202,6083.5968132019,30468.0367534161,12962.7679209709,12628.2052209377
2019-06-30,US17275R1023,30009.8788791299,1242.14115732908,13000.7181867957,-7856.11619895697,1964.53059089184,,11959.0577085614,9153.04449337721,22153.7626801729,1849.29041427374,4931.74048799276
2019-06-30,US1912161007,11732.5255515575,3032.13911604881,26665.7887451649,29036.7055170536,2320.11093449593,,8897.7633767128,14103.4423234463,40769.2310686111,11008.95687747,4292.23747444153
2019-06-30,US2546871060,5907.97334861755,1331.22586154938,31885.3181126118,45228.3108344078,1240.59633398056,,18019.7952442169,19250.9660704136,51136.2841830254,15496.1363976002,13762.7328021526
2019-06-30,US38141G1040,,,205389.885596752,319073.588574171,2154.57942938805,,12607.9829723835,124475.764876127,329865.650472879,162696.699473619,
2019-06-30,US4370761029,2287.58751100302,13239.6260305047,29034.4882089496,28674.3301438093,3098.18763631582,,27463.3539857268,1927.42944586277,30961.9176548123,8527.03409087658,2042.39261877537
2019-06-30,US4385161066,8731.12054181099,4039.33968544006,8000.52692914009,6077.44999194145,1371.4196202755,,8224.95790433884,6808.04360461235,14808.5705337524,4919.21324300766,6504.21501088142
2019-06-30,US4581401001,10488.2333049774,7636.10824012756,22622.0584731102,15561.9951968193,3719.11913895607,,14688.696192503,3428.17002868652,26050.2285017967,4111.34530591965,5473.30527377129
2019-06-30,US4592001014,40751.6687221527,1532.31472849846,54786.6178944111,28008.4301319122,2223.99586701393,,17052.4148890972,13973.4809596539,68760.0988540649,4148.22623348236,20680.5410721302
2019-06-30,US46625H1005,,,282816.124310732,492819.46269865,8540.00173664093,,31559.5603985786,230382.860841751,513198.985152483,5268.70393753052,
2019-06-30,US4781601046,13415.8764595985,8134.0007622242,24980.681602478,13304.3555595875,4989.97392010689,,18311.7002639771,1739.55041670799,26720.232019186,6069.54693603516,12867.0531327724
2019-06-30,US5801351017,996.224102854729,38.8127856731415,39119.8633009672,38776.4316159725,1349.97172095776,,4814.47492651939,652.792417860031,39772.6557188272,699.683882904053,1804.5310986042
2019-06-30,US58933Y1055,6239.02357935905,5134.35198712349,20655.9537870884,17979.4521868229,2376.17805719376,,10393.7766029835,3562.52197909355,24218.4757661819,2759.04462862015,6993.32635974884
2019-06-30,US5949181045,117508.782036066,1811.55603718758,69465.2270643711,-41591.1488828659,11735.8277304173,,29922.0444340706,6452.40608882904,75917.6331532001,8238.49672365189,25925.5358419418
2019-06-30,US6541061031,3308.96699953079,5298.52427065372,5573.66614794731,2884.9034460783,1219.6033321619,,9503.44893503189,620.204297661781,6193.87044560909,2466.28824663162,4227.92270851135
2019-06-30,US7427181091,8534.21413135529,5012.84181296825,19070.8131991625,19356.0819647312,3231.58551770449,,16007.7258681059,8819.48289692402,27890.2960960865,10044.9461470842,4717.48315536976
2019-06-30,US79466L3024,5426.62102138996,0.0,5074.54630434513,350.278417468071,81.0391132235527,,3559.48720389605,702.353134512901,5776.89943885803,2039.69816941023,2335.18944978714
2019-06-30,US88579Y1010,2623.8145608902,3775.90448856354,13746.0485730171,12136.4595201015,1002.97852826118,,7271.81681847572,1014.22550797462,14760.2740809917,1870.38989782333,4719.0024933815
2019-06-30,US89417E1091,,,5972.95403051376,5740.2529399395,492.144743680954,,6971.90220975876,132.595715761185,6105.54974627495,4712.85567212105,
2019-06-30,US91324P1021,,,33451.8794167042,28579.2063918114,2930.6196038723,,53926.7825376987,7197.04957866669,40648.9289953709,15040.3935070038,
2019-06-30,US92343V1044,2637.86443805695,1024.76291584969,107878.469355583,115713.910228014,3509.97987174988,,28541.7252705097,10473.3053104877,118351.774666071,15483.8427550793,22600.9836573601
2019-06-30,US92826C8394,10770.9870829582,0.0,14659.2905888557,3888.30350589752,2661.85339665413,,5197.33327865601,0.0,14659.2905888557,131.717598438263,1344.3976213932
2019-06-30,US9311421039,8370.75602769852,39638.9427603483,57839.0500720739,58729.1165123582,3214.84833776951,,116105.895217001,9260.82246798277,67099.8725400567,41199.0289427638,4833.84216105938
2019-06-30,US9314271084,1096.0272141695,8474.91465604305,11016.5717997551,15184.5626142025,604.002528071404,,30292.9126117229,5264.01802861691,16280.589828372,13022.4741328955,6561.63434100151
2019-06-30,US2605571031,2197.92765927315,6007.20060610771,16626.2733922005,15536.5297944546,64.9666659832001,,9801.95697450638,1108.18406152725,17734.4574537277,5590.9729950428,5000.87815403938
2019-09-30,CH0012221716,2887.54358240821,4002.93525845916,7821.50067572898,6950.10092881418,384.048707499032,,6239.21752674658,2016.14383549341,9837.64451122239,3690.14861246132,6912.49315026312
2019-09-30,DE0005140008,,,154583.0,2941.0,-859.0,,8211.0,16201.0,170784.0,,
2019-09-30,DE0005190003,12998.0,17359.0,73704.0,103430.0,1521.0,,26667.0,42724.0,116428.0,10582.0,43031.0
2019-09-30,DE0005439004,2124.9,5038.9,3077.9,5507.7,-1986.4,,11103.4,4554.7,7632.6,6868.6,8815.5
2019-09-30,DE0005552004,2230.0,507.0,13859.0,14989.0,561.0,,15552.0,3360.0,17219.0,6508.0,8524.0
2019-09-30,DE0005557508,6461.0,1598.0,70957.0,80062.0,1368.0,,20017.0,15566.0,86523.0,8896.0,9919.0
2019-09-30,DE0005785604,1599.0,3686.0,21706.0,25414.0,444.0,,8842.0,5307.0,27013.0,1665.0,7187.0
2019-09-30,DE0005785802,965.054,1721.09,10129.875,12704.141,332.584,,4419.003,3539.32,13669.195,654.602,3511.12
2019-09-30,DE0005810055,22078.5,0.0,2285.5,1329.2,248.6,,830.5,21122.2,23407.7,,
2019-09-30,DE0006047004,2595.9,2034.8,9508.9,8384.8,230.9,,4699.6,1471.8,10980.7,2605.3,1808.8
2019-09-30,DE0006048432,1370.0,2176.0,1556.0,2805.0,556.0,,4884.0,2619.0,4175.0,3713.0,3610.0
2019-09-30,DE0006062144,422.0,2057.0,1695.0,1422.0,147.0,,3162.0,149.0,1844.0,1362.0,1762.0
2019-09-30,DE0006231004,3779.0,1701.0,1534.0,-2223.0,163.0,,2062.0,22.0,1556.0,1089.0,1148.0
2019-09-30,DE0006599905,5111.0,3135.0,8614.0,7433.0,340.0,,4054.0,3930.0,12544.0,1736.0,3440.0
2019-09-30,DE0006969603,447.4,1140.8,607.9,588.3,100.5,,1477.6,427.8,1035.7,722.1,794.8
2019-09-30,DE0007037129,8590.0,1496.0,3729.0,-731.0,-216.0,,2619.0,4130.0,7859.0,2389.0,2651.0
2019-09-30,DE0007100000,25303.0,35552.0,99488.0,134443.0,1719.0,,43270.0,60258.0,159746.0,16169.0,60210.0
2019-09-30,DE0007164600,5853.0,0.0,13649.0,10587.0,1246.0,,6791.0,2791.0,16440.0,1510.0,5846.0
2019-09-30,DE0007165631,64.6,402.2,917.1,1015.8,39.0,,461.2,163.3,1080.4,219.4,338.9
2019-09-30,DE0007236101,13722.0,14806.0,30414.0,22726.0,1226.0,,16375.0,6034.0,36448.0,11409.0,27237.0
2019-09-30,DE0007664039,48083.0,49851.0,131675.0,167000.0,3789.0,,61420.0,83408.0,215083.0,24892.0,75738.0
2019-09-30,DE0008430026,,,4074.0,-742.0,884.0,,16580.0,,4074.0,,
2019-09-30,DE000A161408,186.7,32.6,3.2,-183.5,22.8,,440.6,0.0,3.2,132.8,13.9
2019-09-30,DE000A1DAHH0,446.1,1280.6,2260.4,2169.5,127.7,,3254.3,355.2,2615.6,1334.9,1935.9
2019-09-30,DE000A1EWWW0,2355.0,3677.0,1599.0,-342.0,644.0,,6410.0,414.0,2013.0,2354.0,3247.0
2019-09-30,DE000A1ML7J1,1157.4,320.1,20092.1,20827.8,-71.2,,970.0,1893.1,21985.2,,
2019-09-30,DE000BASF111,2228.0,12150.0,16115.0,17804.0,893.0,,14556.0,3917.0,20032.0,4489.0,10542.0
2019-09-30,DE000BAY0017,4410.0,10395.0,37762.0,39375.0,990.0,,9830.0,6023.0,43785.0,5697.0,11876.0
2019-09-30,DE000ENAG999,5547.0,1422.0,26197.0,25475.0,166.0,,7266.0,4825.0,31022.0,13468.0,12498.0
2019-09-30,DE000SHL1006,920.0,2064.0,4092.0,3611.0,502.0,,4142.0,439.0,4531.0,1403.0,3583.0
2019-09-30,DE000ZAL1111,867.0,1267.4,477.6,-318.4,-13.6,,1521.1,71.0,548.6,1724.4,387.2
2019-09-30,FI4000297767,,,246824.002043417,215487.001783983,-332.000003025967,,3085.00002811779,,246824.002043417,,
2019-09-30,GB0009895292,4384.5166926392,2870.1156341565,16126.399157592,12271.1431619513,268.92404040074,,5980.18710576762,529.260696998498,16655.6598545905,11500.642320567,4842.23088293772
2019-09-30,IE00BZ12WP82,1944.59737300873,1516.23559319973,10337.5530159473,11040.1764063835,654.7715716362,,6295.88049650192,2647.2207634449,12984.7737793922,2816.91440212727,4223.9957088232
2019-09-30,NL0000235190,6838.0,35604.0,8783.0,5361.0,989.0,,15302.0,3416.0,12199.0,13066.0,5036.0
2019-09-30,NL0012169213,733.062760164142,154.344161116362,1587.64817993474,939.108445303917,-144.476966222227,,344.192189097762,84.5230255333185,1672.17120546806,59.4533128910065,336.213547689915
2019-09-30,SE0000106270,1209.65888762474,3893.05712425709,1060.48861297965,573.995364695787,362.699208416045,,5881.00929489732,723.165639340878,1783.65425232053,,
2019-09-30,SE0000108227,566.376940585673,1786.82548888773,1709.67284025252,1248.43620802462,121.271773338318,,1973.26901721954,105.140308357775,1814.81314861029,796.622087903321,1406.75306985527
2019-09-30,SE0000108656,5322.22666504234,3363.7435298562,4201.97393854707,-761.264344453812,-584.224188804626,,5357.99891376495,358.988382041454,4560.96232058853,2861.45833003521,5059.42254024744
2019-09-30,SE0000112724,47.2991449311376,447.056217968464,645.022264406085,781.695336051285,70.9997930526733,,466.610264778137,183.972216576338,828.994480982423,308.237425744534,278.663798637688
2019-09-30,SE0000113250,302.733185999095,4678.04403042793,1063.34448505938,1391.17327260971,125.49236869812,,3982.92894554138,630.561973549426,1693.90645860881,3814.99789678305,3590.53686580807
2019-09-30,SE0000115446,4322.50745975226,6597.2511498034,10066.1349880174,10898.7678647637,699.211964607239,,9259.32968235016,5155.14033649862,15221.275324516,6301.60817093402,11363.8294771537
2019-09-30,SE0000148884,,,99658.272155717,78285.1226397827,447.570690155029,,1607.1089220047,2612.18157410622,102270.453729823,,
2019-09-30,SE0000202624,116.988417640328,510.58820553869,1085.17485964298,968.186442002654,19.5085296630859,,584.880725860596,,1085.17485964298,169.325341321528,503.124829612672
2019-09-30,SE0000242455,,,98187.0541763008,80520.8701906204,437.347470283508,,1390.35790252686,2127.43530771136,100314.489484012,,
2019-09-30,SE0000382335,306.732712133961,671.252986661582,1772.24363969506,1766.00625200812,76.8097421140255,,1823.73669888301,300.495324447027,2072.73896414208,816.73088183038,1516.69419710976
2019-09-30,SE0000667891,1169.97746860236,2564.50926037878,2519.07595942914,1634.38603559881,194.42875957489,,2360.06313419342,285.287544772029,2804.36350420117,2507.78760334104,4.75790215283632
2019-09-30,SE0000667925,838.883454084396,147.401674538851,9675.52055048943,10116.7926521152,227.161821365356,,1979.08405971527,1280.1555557102,10955.6761061996,2934.50612191111,1494.72761358321
2019-09-30,SE0000695876,421.587447620928,1123.05149246752,1011.56731457263,729.731581166387,134.965260505676,,1130.74439239502,139.751714214683,1151.31902878731,313.18191229552,693.814084522426
2019-09-30,SE0005190238,56.6283648386598,64.5582017600536,2627.01503375918,2814.53235390037,92.008978843689,,642.655986785889,244.145684979856,2871.16071873903,724.507218018174,
2019-09-30,SE0007100581,42.8211193755269,1174.7353707552,2230.70977208763,3100.09977526963,252.860557556152,,2254.17308616638,912.211122557521,3142.92089464515,733.836437925696,1503.4037880972
2019-09-30,SE0007100599,,,78311.1511633247,124984.958484061,334.833898544312,,1596.04158306122,75967.7444147542,154278.895578079,,
2019-09-30,SE0009922164,395.279047481716,1551.54256282002,4226.60307910293,4958.10721205175,232.320326805115,,3054.30417537689,1126.78318043053,5353.38625953346,1554.71449758857,1940.19786416739
2019-09-30,SE0011166610,1272.9720563814,1440.99130691588,1944.02284432948,912.490999154747,414.368673324585,,2501.96892929077,241.440211206675,2185.46305553615,3071.83223894984,2659.20084244013
2019-09-30,SE0011166628,1272.9720563814,1440.99130691588,1944.02284432948,912.490999154747,414.368673324585,,2501.96892929077,241.440211206675,2185.46305553615,3071.83223894984,2659.20084244013
2019-09-30,SE0012673267,141.108001168211,0.0,17.508000144946,-119.412000988593,39.7750003625524,,94.7290008634624,4.18800003467179,21.6960001796177,3.24400002685656,52.7090004363695
2019-09-30,SE0015810247,608.731598965824,0.0,135.180396459997,69.4093961119652,279.497203826904,,288.782513618469,542.960598617792,678.140995077789,,
2019-09-30,SE0015811559,51.5905860885978,1200.29743330181,334.545825883746,489.037707552314,131.776366233826,,1047.64555931091,206.082467757165,540.628293640912,440.245887435973,213.639135882258
2019-09-30,SE0015811963,1843.54714592546,483.346883408725,7179.30117983371,5456.19426291436,1933.5954208374,,2924.40362930298,120.440229006112,7299.74140883982,,
2019-09-30,SE0015812219,232.204283498228,,1243.30513707548,1065.67679003626,110.673389434814,,359.125769615173,54.5759364590049,1297.88107353449,265.976059563458,
2019-09-30,SE0015961909,398.800003301602,442.000003659248,2028.30001679197,2062.30001707346,186.500001699963,,956.300008716756,432.800003583083,2461.10002037506,210.600001743524,927.30000767697
2019-09-30,SE0016101844,15.6824186645448,0.0,45.1440951324999,41.5150285884738,6.45282135009766,,114.087382125855,12.0533521205187,57.1974472530186,84.4107817232609,
2019-09-30,SE0016589188,915.569641724229,1869.10920847207,932.73540635407,453.493379704654,57.2125148773193,,2844.68127250671,436.327615074813,1369.06302142888,3245.82219022512,1975.36902321875
2019-09-30,US0258161092,22258.3018176556,0.0,53636.0315043926,33962.5765721798,1568.57365512848,,10672.4168530703,2584.84688544273,56220.8783898354,,
2019-09-30,US0311621009,19127.6834996939,2974.68362295628,25768.666981101,8644.28568077087,1770.04183101654,,5136.53907364607,2003.30219936371,27771.9691804647,921.849226355553,3307.65005993843
2019-09-30,US0378331005,92258.303668499,3766.28151583672,84211.1561433077,6849.202162385,12309.3457821608,,57504.7736320496,14896.3496875763,99107.505830884,42410.5679898262,21029.1695158482
2019-09-30,US0970231058,10010.090156436,67216.1089135408,19507.4303451777,13729.5912637711,1048.71380841732,,17975.6382290125,4232.25107502937,23739.681420207,13851.58723104,13582.8291978836
2019-09-30,US1491231015,7279.39846801758,11172.2622656822,23894.6988523006,28077.417730093,1343.72078025341,,11471.993676126,11462.1173458099,35356.8161981106,5632.91154134274,16021.8312803507
2019-09-30,US1667641005,11121.8128055334,5458.63158810139,25505.4125254154,22739.8648463488,2320.48166871071,,31231.1649086475,8356.26512646675,33861.6776518822,12121.6293793917,11848.2850316763
2019-09-30,US17275R1023,25128.8488054276,1204.67889404297,13693.3626966476,-7521.17604160309,2644.87967145443,,11897.4389048815,3914.31006717682,17607.6727638245,1807.01834106445,4372.33902168274
2019-09-30,US1912161007,11913.4106984138,2995.7806699276,29433.1323137283,28267.2911528349,2332.17401820421,,8541.71101075411,10747.5695375204,40180.7018512487,11441.9375617504,3992.84545505047
2019-09-30,US2546871060,4993.57929182053,1512.56654155254,34974.3175638914,38104.9358818531,731.221549093723,,17113.1026009917,8124.19760978222,43098.5151736736,12638.0483987331,11545.5882707834
2019-09-30,US38141G1040,,,211883.146310449,365273.353998542,1688.19538456202,,11343.3778316975,165122.000329971,377005.14664042,172593.106746554,
2019-09-30,US4370761029,1965.67024898529,14082.3735895157,28422.8926563263,29451.8892116547,2502.96370822191,,24607.5048858523,2994.66680431366,31417.55946064,8282.16739654541,1999.73111057281
2019-09-30,US4385161066,11341.0386414528,4220.32665717602,10673.2712416649,6382.31534028053,1460.64427518845,,8171.15347296,7050.08274006844,17723.3539817333,5065.12579894066,6955.60466015339
2019-09-30,US4581401001,11030.0865143538,7923.31703209877,22263.8053951263,16163.0897687674,5387.47488200665,,17259.7066754103,4929.37088799477,27193.1762831211,4411.1173428297,6310.7688331604
2019-09-30,US4592001014,10051.3669874668,1570.35410499573,56491.4709488153,55527.4276285172,1504.71543866396,,16214.590512991,9087.32366716862,65578.794615984,3707.57668948174,17974.6840195656
2019-09-30,US46625H1005,,,296292.431242704,549266.295939195,8120.78642898798,,32124.2805276513,272475.699737906,568768.130980611,5778.75634431839,
2019-09-30,US4781601046,16460.2829521894,8414.05268990993,25357.7331966162,11250.2296131849,1576.66835862398,,18651.0962651372,2352.7793687582,27710.5125653744,6871.2164722681,13576.408357501
2019-09-30,US5801351017,1079.8936260581,39.0754000425339,41030.912844193,40596.1302240014,1446.16375004649,,4948.83189370036,645.111005866528,41676.0238500595,779.214843571186,1839.38731702566
2019-09-30,US58933Y1055,7354.6140267849,5370.57434856892,21515.3188591003,17510.5489861965,1709.78126055002,,11077.1520278454,3349.84415388107,24865.1630129814,2933.40679192543,7743.53350138664
2019-09-30,US5949181045,125331.135216236,2405.06335473061,74300.1303813457,-46470.3736374378,9603.91599166393,,29730.0471159816,4560.63119745255,78860.7615787983,7864.61220574379,17507.7971974611
2019-09-30,US6541061031,3176.12907874584,5622.16566509008,5609.46840435266,3101.75940871239,1010.17227560282,,9354.28587049246,668.420083105564,6277.88848745823,2382.55028265715,4346.09096097946
2019-09-30,US7427181091,5593.76396566629,4918.48556369543,17515.3676268458,20299.3320149183,3357.28845012188,,16474.8295211792,8377.72835373878,25893.0959805846,9604.45442169905,4628.95326733589
2019-09-30,US79466L3024,5852.19382381439,0.0,5102.85486888885,-32.2681846618652,-98.52764326334,,4079.40600043535,717.070770263672,5819.92563915253,2524.08911132812,2719.49089622498
2019-09-30,US88579Y1010,7118.87745845318,3675.47248756886,16674.9224735498,11591.4514163733,1423.76840370893,,7187.19729250669,2035.40640127659,18710.3288748264,1906.98959362507,4604.65981721878
2019-09-30,US89417E1091,,,6258.484847188,5908.09041488171,353.468719303608,,7206.9843454957,115.575126886368,6374.05997407436,4930.28815090656,
2019-09-30,US91324P1021,,,38762.6133896112,33462.6682852507,3182.11788523197,,54280.3834063411,6040.17627418041,44802.7896637917,17033.5722720623,
2019-09-30,US92343V1044,3758.02614963055,1410.75035834312,110055.955946088,116194.27935183,4671.54332840443,,29585.241864562,9896.34955537319,119952.305501461,17947.1661322117,23418.6394010782
2019-09-30,US92826C8394,12309.66827631,0.0,15344.8912514448,3035.22297513485,2622.6839325428,,5519.68837243319,0.0,15344.8912514448,143.093014240265,1414.41940999031
2019-09-30,US9311421039,7736.29727268219,46202.662405014,58011.9216527939,60338.8163022995,2972.09991788864,,115694.051274478,10063.1919221878,68075.1135749817,44592.8385257721,5030.25145339966
2019-09-30,US9314271084,906.947195529938,9555.59565210342,30381.8241030574,37234.7171124816,764.65058350563,,31110.5881362557,7759.84020495415,38141.6643080115,13967.8937583566,6743.15239876509
2019-09-30,US2605571031,2614.19929862022,5885.15884208679,17380.2976527214,15970.4645572901,297.705206334591,,9681.26538062096,1204.3662031889,18584.6638559103,5393.50592136383,4772.51893007755
2019-12-31,CH0012221716,3661.47005100426,3727.39432929485,6671.71513673258,5319.37656314999,262.838567947984,,6332.51271437567,2309.13147742167,8980.84661415425,3877.95112701254,6228.95342983499
2019-12-31,DE0005140008,,,123979.0,94288.0,-1519.0,,7782.0,107901.0,231880.0,71287.0,
2019-12-31,DE0005190003,12036.0,15891.0,69010.0,101281.0,1379.0,,29366.0,44307.0,113317.0,10182.0,43925.0
2019-12-31,DE0005439004,3493.3,4694.4,3375.2,4125.7,-298.6,,11064.3,4243.8,7619.0,7111.0,8045.3
2019-12-31,DE0005552004,3256.0,468.0,13491.0,13003.0,858.0,,16956.0,2768.0,16259.0,7225.0,8816.0
2019-12-31,DE0005557508,5421.0,1568.0,70050.0,77642.0,654.0,,21362.0,13013.0,83063.0,9410.0,12722.0
2019-12-31,DE0005785604,1787.0,3633.0,21750.0,25471.0,515.0,,9311.0,5508.0,27258.0,1905.0,7880.0
2019-12-31,DE0005785802,1141.045,1773.356,10524.615,12641.403,343.0,,4580.0,3257.833,13782.448,716.526,3274.05
2019-12-31,DE0005810055,16269.7,0.0,2627.2,-13642.5,213.2,,855.3,,2627.2,,
2019-12-31,DE0006048432,1539.0,2285.0,1580.0,2695.0,534.0,,4969.0,2654.0,4234.0,3837.0,3895.0
2019-12-31,DE0006062144,748.0,1923.0,1601.0,994.0,37.0,,2864.0,141.0,1742.0,1507.0,1604.0
2019-12-31,DE0006231004,4859.0,1767.0,2735.0,-1884.0,210.0,,1916.0,240.0,2975.0,923.0,902.0
2019-12-31,DE0006599905,809.0,3342.0,8644.0,12385.0,333.0,,4381.0,4550.0,13194.0,1381.0,3644.0
2019-12-31,DE0006969603,518.1,1110.1,763.8,400.7,17.8,,1478.6,155.0,918.8,843.7,611.7
2019-12-31,DE0007037129,6450.0,1585.0,3103.0,-2473.0,-621.0,,4065.0,874.0,3977.0,2987.0,3621.0
2019-12-31,DE0007100000,26768.0,29757.0,99179.0,135012.0,-109.0,,47127.0,62601.0,161780.0,12707.0,63113.0
2019-12-31,DE0007164600,5611.0,0.0,12900.0,10209.0,1636.0,,8040.0,2920.0,15820.0,1581.0,7561.0
2019-12-31,DE0007165631,53.918,411.822,877.578,1011.284,35.447,,471.166,187.624,1065.202,224.058,302.296
2019-12-31,DE0007236101,11350.0,15946.0,33329.0,28730.0,1180.0,,13675.0,6751.0,40080.0,10470.0,28303.0
2019-12-31,DE0007664039,42692.0,46742.0,126219.0,171439.0,2682.0,,66015.0,87912.0,214131.0,22745.0,76556.0
2019-12-31,DE0008430026,,,5067.0,73.0,216.0,,16722.0,0.0,5067.0,7282.0,
2019-12-31,DE000A161408,193.6,44.1,109.1,-64.5,17.9,,511.7,20.0,129.1,135.9,8.6
2019-12-31,DE000A1DAHH0,520.3,1185.1,2226.5,2008.3,109.7,,3130.9,302.1,2528.6,1229.1,1820.3
2019-12-31,DE000A1EWWW0,2512.0,4085.0,3994.0,2258.0,182.0,,5838.0,776.0,4770.0,2703.0,2625.0
2019-12-31,DE000A1ML7J1,500.7,367.1,22642.2,24446.5,1119.5,,971.0,2305.0,24947.2,,
2019-12-31,DE000BASF111,2871.0,11223.0,16104.0,17510.0,126.0,,12750.0,4277.0,20381.0,5087.0,9093.0
2019-12-31,DE000BAY0017,5404.0,10650.0,36911.0,33567.0,-43.0,,10750.0,2060.0,38971.0,6426.0,11169.0
2019-12-31,DE000ENAG999,3602.0,1252.0,27572.0,27811.0,145.0,,17886.0,3841.0,31413.0,8782.0,8380.0
2019-12-31,DE000SHL1006,934.0,2247.0,5223.0,4896.0,301.0,,3587.0,607.0,5830.0,1336.0,3386.0
2019-12-31,DE000ZAL1111,1009.7,1098.4,484.1,-454.8,85.4,,1985.9,70.8,554.9,1708.3,462.3
2019-12-31,FI4000297767,,,137859.009520977,204612.014131149,752.999964796012,,3015.99985899704,102262.007062536,240121.016583513,4826.00033329875,
2019-12-31,GB0009895292,5539.4208965706,2844.54340989867,14447.2159343334,10698.4409049399,282.70951941044,,6374.96417891017,1790.64586717705,16237.8618015105,12460.5789772166,3193.76389742773
2019-12-31,IE00BZ12WP82,2405.34523129463,1511.80402129889,10163.9199051261,10897.1047663689,457.935228466988,,6394.83514308929,3138.5300925374,13302.4499976635,2909.57686126232,4178.17375361919
2019-12-31,NL0000235190,11616.0,31550.0,8189.0,-1468.0,-3548.0,,24310.0,1959.0,10148.0,14808.0,6841.0
2019-12-31,NL0012169213,678.53809019357,152.074834208488,1301.32651400596,893.59733471781,40.5837193007469,,373.458372356415,270.808910905421,1572.13542491138,75.5162589707971,343.08864423722
2019-12-31,SE0000106270,1166.54395383596,3583.67381139845,1008.78764428943,510.315605536103,393.045250117779,,5757.01179030538,668.071915082633,1676.85955937207,742.639011546969,557.026632927358
2019-12-31,SE0000108227,611.927665546536,1717.87034071237,1466.24720732123,1197.87457639724,97.2001054510474,,1991.70998686552,343.55503462255,1809.80224194378,786.655378445983,1332.9174002558
2019-12-31,SE0000108656,4933.29802902043,2937.15762702376,3411.94878152013,-405.413974374533,416.035233959556,,6233.29719720036,1115.93527312577,4527.8840546459,2893.38053119928,5257.05820292234
2019-12-31,SE0000112724,43.2060902267694,477.170344486833,560.346826553345,872.115882903337,1235.23960096389,,404.953482806683,354.975146576762,915.321973130107,317.479112327099,220.12265791744
2019-12-31,SE0000113250,832.240658663213,4520.55614947528,990.314041629434,695.294482812285,206.139354072511,,4760.5512516126,537.221099846065,1527.5351414755,3614.37026590854,3151.094390966
2019-12-31,SE0000115446,5868.12936007231,5390.67351278663,9670.55080282688,9144.74981493503,625.36763497442,,9894.21942975372,5342.32837218046,15012.8791750073,6363.47671608627,10356.3285256773
2019-12-31,SE0000148884,,,47846.8430545628,81355.3548802137,547.607550613582,,1765.94278541207,47468.7421812788,95315.5852358416,889.531553633511,
2019-12-31,SE0000202624,119.340169921517,446.431209810078,953.579348176718,834.2391782552,84.9913965538144,,798.073909297585,0.0,953.579348176718,189.859361238778,603.743251979351
2019-12-31,SE0000242455,,,56409.6429978311,73904.3980032876,415.847407668829,,1481.38595496118,36079.6548645422,92489.2978623733,221.550171911716,
2019-12-31,SE0000382335,396.169292394104,660.044589014598,1644.09810909224,1609.532405146,140.541853499869,,1979.14723257656,361.603588447868,2005.70169754011,838.307407562069,1446.681614389
2019-12-31,SE0000667891,1613.37631633133,2307.14811754972,2415.63918111473,1090.24002122879,-7.32522533833981,,2496.49314319342,287.977156445384,2703.61633756012,2425.44144387543,7.32790517061949
2019-12-31,SE0000667925,582.045039266348,187.099500849843,9507.14803428203,10807.4229478687,122.838394135237,,2144.78841380775,1882.31995285302,11389.4679871351,2845.89189898968,1592.91528241336
2019-12-31,SE0000695876,615.448866732419,959.003901354969,1188.64331923425,790.176579631865,133.35666641593,,1217.49001649022,216.982127130032,1405.62544636428,315.099922336638,961.383091345429
2019-12-31,SE0005190238,42.6350846290588,67.5689957290888,2494.34278599918,2911.93821312487,70.7165984585881,,672.699860237539,460.230511754751,2954.57329775393,159.025058962405,193.38056242466
2019-12-31,SE0007100581,42.0640790313482,1073.10985329747,2254.33009976149,2841.41902180761,236.379386879504,,2342.75732423365,629.153001077473,2883.48310083896,752.585377782583,1494.22648160905
2019-12-31,SE0007100599,,,76689.5729737207,118059.023695454,411.339576691389,,1620.37741009891,72580.4263573959,149269.999331117,,
2019-12-31,SE0009922164,278.650731682777,1500.22204038501,4099.72502396256,4675.96483965218,255.068102806807,,3163.55821470916,854.890547372401,4954.61557133496,1503.83840917051,1890.40919882059
2019-12-31,SE0011166610,1434.93706704676,1380.02536206692,1941.41903221607,816.252501927316,406.268266841769,,2565.61321818084,309.770536758006,2251.18956897408,2623.19971588254,2187.23694203049
2019-12-31,SE0011166628,1434.93706704676,1380.02536206692,1941.41903221607,816.252501927316,406.268266841769,,2565.61321818084,309.770536758006,2251.18956897408,2623.19971588254,2187.23694203049
2019-12-31,SE0012673267,182.520012605406,0.0,15.4830010693047,-157.482010876203,46.8459978098807,,105.987995044905,9.55500065989838,25.0380017292031,5.30000036603469,66.4570045897296
2019-12-31,SE0015810247,369.916459716856,0.0,132.378131069243,86.9831860512495,-104.337504498661,,84.1461782455444,324.521514698863,456.899645768106,,
2019-12-31,SE0015811559,130.665114276111,1262.11270613968,327.662045486271,418.547103121877,127.72187769413,,1218.24132165313,221.550171911716,549.212217397988,608.216129161417,201.660143591464
2019-12-31,SE0015811963,2247.6683677882,467.748752124608,7071.52365724742,4918.45188347995,3167.12691423297,,4094.89487727731,94.5965940207243,7166.12025126815,,
2019-12-31,SE0015812219,225.547211095691,172.538858108222,1170.75181050599,1076.63105448335,70.9983378946781,,369.36040071398,131.426455073059,1302.17826557904,34.7361738607287,163.59310374409
2019-12-31,SE0015961909,468.300032342272,409.300028267547,1999.60013809867,2018.50013940397,198.399990724509,,1058.89995049487,487.200033647566,2486.80017174624,226.200015622084,999.200069007898
2019-12-31,SE0016101844,44.3763661992773,0.0344506710618734,130.091443985611,91.2396521117836,8.89357486590743,,144.691983061284,5.52457432544977,135.616018311061,107.176323176287,110.360250389121
2019-12-31,SE0016589188,1046.55809300393,1541.14410822093,1005.82636036724,356.212325371802,34.4661243483424,,3006.25369622558,396.944058008492,1402.77041837573,3225.420286268,1983.95894924551
2019-12-31,US0258161092,21320.2674353123,0.0,37612.4724686146,35942.0938357711,1518.32173383236,,10988.6390326023,19649.8888024688,57262.3612710834,,
2019-12-31,US0311621009,7938.53013187647,3192.87307739258,24354.5659011602,19171.4923620224,1538.19269049168,,5562.06141400337,2755.45659273863,27110.0224938989,1221.38085633516,3614.25392717123
2019-12-31,US0378331005,95527.8404265642,3649.88867133856,89334.5218902826,8481.95998042822,20084.1178307533,,82845.6312139034,14675.2785167098,104009.800406992,40187.9736033082,18681.5146297216
2019-12-31,US0970231058,8935.41209995747,68260.1341897249,18654.7885715961,16482.8509145975,-912.25755572319,,16177.6683965921,6763.47444295883,25418.263014555,13855.6794008613,11110.0223627687
2019-12-31,US1491231015,7387.08246588707,10036.5256947279,23823.6082130671,26725.1672568917,991.741382360458,,11865.6708015203,10288.6415097117,34112.2497227788,5306.9042751193,15950.111489296
2019-12-31,US1667641005,5524.27621454,5209.79959726334,23428.9534214139,21966.1471733451,-5970.31925082207,,31320.2405962944,4061.4699664712,27490.4233878851,12563.9199247956,11861.0245960951
2019-12-31,US17275R1023,24438.7294767499,1220.89875501394,13708.7168412209,-9034.4703142643,2595.98879337311,,10830.4508137703,1695.54232126474,15404.2591624856,1746.07471615076,3907.23696172237
2019-12-31,US1912161007,9955.45665174723,3010.24501353502,25502.8955319524,29380.8465659618,1844.3860681057,,8200.38252317905,13833.4076857567,39336.3032177091,9827.17157274485,3537.63922721148
2019-12-31,US2546871060,6087.30517238379,1399.5545771718,36595.9913912416,40177.283180058,1922.06344413757,,18785.2798454762,9668.59696120024,46264.5883524418,16855.2339911461,15233.8531315327
2019-12-31,US38141G1040,,,196908.687582612,353849.446107149,1731.48290526867,,12841.1541284323,168138.97687912,365047.664461732,155738.976777494,
2019-12-31,US4370761029,1924.74282664061,13112.254108727,30442.1584620476,31802.9236671925,2237.89026975632,,23255.6577730179,3285.50803178549,33727.6664938331,7026.70998173952,1900.37899339199
2019-12-31,US4385161066,9279.28738117218,3938.53009909391,10373.2740271091,5604.45438891649,1410.83792281151,,8576.12424910069,4510.46774297953,14883.7417700887,5104.67710196972,6675.2784511447
2019-12-31,US4581401001,11690.8686926961,7789.75507497787,23018.2629948854,14773.27406317,6236.77071511745,,18253.2801421881,3445.87976098061,26464.1427558661,3677.50559806824,6823.16263943911
2019-12-31,US4592001014,8025.83525508642,1442.3162701726,51653.4525391459,52693.9870688319,3313.93363559246,,19669.5374168158,9066.3697847724,60719.8223239183,4361.69268608093,20032.0714336634
2019-12-31,US46625H1005,,,247623.164612949,423550.114829838,7656.64089095592,,31106.1761995554,235618.71017158,483241.874784529,105456.571020186,
2019-12-31,US4781601046,17182.1827688813,8035.63480973244,24240.5347198248,8368.81966769695,3621.93346381187,,18749.1508333683,1310.46771675348,25551.0024365783,7611.58135414124,12900.6682571769
2019-12-31,US5801351017,800.445440858603,44.7216039299965,41760.2676028311,41565.7018996775,1420.05082089901,,4902.88758809566,605.879737704992,42366.1473405361,880.356354653835,1981.46994942427
2019-12-31,US58933Y1055,9309.57691371441,5325.61251580715,20938.9756727219,15055.679410696,2128.90203845501,,10667.0908248425,3426.28065168858,24365.2563244104,3330.06684243679,6038.30739915371
2019-12-31,US5949181045,119601.782717407,1624.05346542597,70218.2633817196,-41965.2564686537,10521.6715511084,,33334.433021307,7418.26286703348,77636.5262487531,7849.44327145815,20957.6839134097
2019-12-31,US6541061031,2896.80907440186,5286.54000473022,5663.4347114563,3162.63819122314,767.170028269291,,9170.71609944105,396.012554168701,6059.447265625,2021.93996047974,4072.10150527954
2019-12-31,US7427181091,14028.7080001831,4857.5984954834,21831.8521499634,19601.7314147949,2647.79567974806,,15625.3530446291,11798.5872650146,33630.439414978,9536.56860351562,4228.75366210938
2019-12-31,US79466L3024,7171.08825284243,0.0,4917.88485944271,-1528.60494530201,-223.698825836182,,4375.65727472305,724.598448097706,5642.48330754042,1674.7879447937,5976.35805946589
2019-12-31,US88579Y1010,2602.22719281912,3682.85080969334,16245.8798658848,16372.3832076788,875.225318312645,,7326.06043016911,2728.73053461313,18974.6104004979,1984.85525012016,4268.1514826417
2019-12-31,US89417E1091,,,5550.11140406132,5740.75728535652,782.193112134933,,7282.70561563969,630.734971761703,6180.84637582302,4438.30738604069,
2019-12-31,US91324P1021,,,35601.7820289731,29979.5102679729,3198.32079684734,325000.0,55007.324159503,4163.91985595226,39765.7018849254,16930.9578225017,
2019-12-31,US92343V1044,3398.6637249589,1266.81515514851,106106.90510124,115214.254841805,4601.93291723728,,31409.6599012613,12506.0134655237,118612.918566763,19426.2807828188,23409.3543121219
2019-12-31,US92826C8394,14198.6638134718,0.0,12194.2094540596,668.151453137398,2848.7726047039,,5468.12598252296,2672.60581254959,14866.8152666092,118.485524356365,1479.73275154829
2019-12-31,US9311421039,8540.87709993124,40096.55297786,57924.5623664856,56820.0685925484,3735.22918462753,,127788.856270313,7436.38332599401,65360.9456924796,42386.7533032298,5670.4565975666
2019-12-31,US9314271084,899.449203491211,8786.92683410645,30603.121887207,37267.0572814941,786.190772771835,,28382.5737967491,7563.38459777832,38166.5064849854,13626.4733581543,6893.34956359863
2019-12-31,US2605571031,2138.97551864386,5535.85750639439,15780.8464545012,14926.5034630895,-2099.99882876873,,9216.51098871231,1284.63252723217,17065.4789817333,3464.58800166845,4351.89313143492
2020-03-31,CH0012221716,5943.95075267517,3971.74752838982,6829.80173881443,6541.80903138644,295.006365629286,,5734.92374783331,5655.95804524718,12485.7597840616,3800.41009485671,6676.6916918274
2020-03-31,DE0005140008,,,144503.0,36491.0,43.0,,8551.0,13873.0,158376.0,,
2020-03-31,DE0005190003,13990.0,18594.0,72501.0,105224.0,554.0,,23252.0,46713.0,119214.0,8910.0,42337.0
2020-03-31,DE0005439004,2752.5,5167.8,3233.0,4092.5,404.2,239649.0,8405.5,3612.0,6845.0,6727.8,7441.6
2020-03-31,DE0005552004,3003.0,312.0,14433.0,14357.0,301.0,,15464.0,2927.0,17360.0,6255.0,8355.0
2020-03-31,DE0005557508,4078.0,1893.0,71499.0,79805.0,916.0,,19943.0,12384.0,83883.0,8730.0,12397.0
2020-03-31,DE0005785604,2028.0,3739.0,21160.0,26529.0,459.0,,9135.0,7397.0,28557.0,1819.0,7703.0
2020-03-31,DE0005785802,1405.052,1743.099,9938.099,13172.182,282.719,,4487.796,4639.135,14577.234,762.384,3708.028
2020-03-31,DE0005810055,0.0,0.0,,,367.2,,1030.4,,,,
2020-03-31,DE0006048432,1756.0,2224.0,1423.0,3557.0,554.0,,5121.0,3890.0,5313.0,3814.0,3983.0
2020-03-31,DE0006062144,1200.0,2031.0,1850.0,1317.0,20.0,,2783.0,667.0,2517.0,1418.0,1639.0
2020-03-31,DE0006231004,4588.0,1736.0,2747.0,-1608.0,178.0,,1986.0,233.0,2980.0,883.0,1149.0
2020-03-31,DE0006599905,1530.0,3443.0,10137.0,12324.0,456.0,,4370.0,3717.0,13854.0,1807.0,3775.0
2020-03-31,DE0006969603,555.5,1129.9,599.9,462.9,36.2,,1299.8,418.5,1018.4,742.3,672.0
2020-03-31,DE0007037129,4660.0,1065.0,4091.0,2064.0,687.0,,3803.0,2633.0,6724.0,2286.0,3272.0
2020-03-31,DE0007100000,23167.0,32193.0,96697.0,135152.0,94.0,,37223.0,61622.0,158319.0,14177.0,58486.0
2020-03-31,DE0007164600,8174.0,0.0,12507.0,9475.0,814.0,,6521.0,5142.0,17649.0,1458.0,7280.0
2020-03-31,DE0007165631,125.1,426.6,905.2,951.8,45.9,,509.9,171.7,1076.9,220.2,276.8
2020-03-31,DE0007236101,7832.0,8475.0,36827.0,35903.0,948.0,,13784.0,6908.0,43735.0,6201.0,19602.0
2020-03-31,DE0007664039,46917.0,48878.0,113475.0,168636.0,406.0,,55054.0,102078.0,215553.0,22035.0,73873.0
2020-03-31,DE0008430026,,,,,221.0,,13679.0,,,,
2020-03-31,DE000A161408,299.8,50.5,2.7,-277.8,39.7,,699.1,19.3,22.0,182.9,22.0
2020-03-31,DE000A1DAHH0,593.7,1169.9,2285.7,2003.7,113.7,,3211.6,311.7,2597.4,1396.1,1979.0
2020-03-31,DE000A1EWWW0,1985.0,4334.0,4004.0,3533.0,31.0,,4381.0,1514.0,5518.0,2494.0,2794.0
2020-03-31,DE000A1ML7J1,428.8,352.9,23101.8,24504.9,197.5,,1017.2,1831.9,24933.7,,
2020-03-31,DE000BASF111,4172.0,11233.0,14394.0,18794.0,863.0,,16753.0,8572.0,22966.0,4750.0,11390.0
2020-03-31,DE000BAY0017,2289.0,10006.0,36812.0,37723.0,1369.0,,12845.0,3200.0,40012.0,5331.0,14305.0
2020-03-31,DE000ENAG999,3629.0,1193.0,30066.0,29539.0,-349.0,,17665.0,3102.0,33168.0,19675.0,16663.0
2020-03-31,DE000SHL1006,845.0,2389.0,5318.0,5604.0,412.0,,3685.0,1131.0,6449.0,1375.0,3480.0
2020-03-31,DE000ZAL1111,1034.0,1312.3,854.5,-104.4,-86.4,,1524.2,75.1,929.6,1631.7,360.7
2020-03-31,FI4000297767,,,256479.99887896,215059.999060002,432.999964693678,,2912.99976247733,0.0,256479.99887896,,
2020-03-31,GB0009895292,3795.8534159532,2846.20653493921,14678.5150341758,13133.7439561349,708.015278825996,,6085.30055031984,2251.08233791222,16929.5973720881,11513.3292205851,4629.75638728505
2020-03-31,IE00BZ12WP82,3658.2364654541,1539.30278778076,9132.83199310303,11721.1208724976,518.303508102894,,6117.07064992189,6246.52534484863,15379.3573379517,2702.21004486084,4005.46817779541
2020-03-31,NL0000235190,7996.0,35955.0,8420.0,6821.0,-481.0,,10631.0,6397.0,14817.0,13728.0,6378.0
2020-03-31,NL0012169213,683.199811210632,154.331281280518,1264.35724472046,877.617672195435,36.1532581860423,,337.756883458078,296.460238685608,1560.81748340607,64.8339023208618,329.959440917969
2020-03-31,SE0000106270,1124.17546871305,3493.18840724975,6409.64061930776,7080.18330407888,183.013118445873,,5215.87387570739,1794.71815348417,8204.35877279192,,
2020-03-31,SE0000108227,1050.66367264092,1789.40294378251,1510.68547502905,811.408182136714,117.19330213964,,1883.06197877973,351.386379748583,1862.07185477763,852.801865614951,1368.65914771706
2020-03-31,SE0000108656,5167.86340331286,2997.63857153058,2859.47565467656,-454.410658627748,202.135007530451,,4664.29342515767,1853.97709000856,4713.45274468511,2744.86114442348,4859.43446841836
2020-03-31,SE0000112724,79.7518301680684,443.096385143697,541.981295675039,835.508504517376,45.2834919467568,,449.365997724235,373.279039010406,915.260334685445,314.591994434595,254.52516040951
2020-03-31,SE0000113250,1118.64129950851,4896.5048116222,966.956446051598,510.70606815815,112.224306128919,,3782.06224665046,662.390921615064,1629.34736766666,3654.97026516497,3174.34360700101
2020-03-31,SE0000115446,5961.61028049886,5433.61085124314,9794.57338462025,9944.05057495832,438.209195360541,,8573.76822989434,6111.08747083694,15905.6608554572,5997.20884829015,10374.8208410218
2020-03-31,SE0000148884,,,101705.016193733,73613.9747819155,220.792181231081,,1332.72223193198,2207.66311883926,103912.679312572,,
2020-03-31,SE0000202624,182.960080973804,502.243359535933,1022.14802402258,839.187943048775,25.4075079038739,,565.621753446758,,1022.14802402258,182.500151157379,504.175064764917
2020-03-31,SE0000242455,,,102575.111420445,77817.8252900019,-158.164080567658,,1296.62669487298,2419.23083439469,104994.34225484,,
2020-03-31,SE0000382335,826.794254759399,703.212573823139,2116.92867609693,1613.39712213466,67.8968470516371,,1675.45454930363,323.262700797133,2440.19137689406,786.056045778198,1301.52653794301
2020-03-31,SE0000667891,1606.90279262513,2427.69354301691,2313.72293450683,1056.55077429116,172.602295391262,,2214.48463723063,349.730632409453,2663.45356691629,2450.59804787487,11.3142734840512
2020-03-31,SE0000667925,1043.76472539455,157.663941070437,10193.7004793137,10264.8976148963,122.631071358919,,2102.63534966856,1114.96186097711,11308.6623402908,2697.6723452583,1558.79413382709
2020-03-31,SE0000695876,552.927625305951,987.377329900861,1091.13749648631,682.811805464327,86.1605157330632,,992.861655727029,144.601934283972,1235.73943077028,302.265875354409,716.294696100056
2020-03-31,SE0005190238,227.297315277159,82.9713388830423,2630.98252187669,2737.04233754426,74.4411855190992,,616.999297104776,333.357130944729,2964.33965282142,565.621688239276,
2020-03-31,SE0007100581,154.168474465609,1119.46917317808,2535.31712006032,3063.77647913247,174.664897508919,,2078.82167067379,682.627833537757,3217.94495359808,685.387412436306,1476.83464054018
2020-03-31,SE0007100599,,,72048.9256025851,104719.396210581,369.11202441901,,1598.23537725955,90016.4518250749,162065.37742766,,
2020-03-31,SE0009922164,495.7123561427,1436.17684476823,4637.19638112187,4523.50173050165,303.296265937388,,3160.65648138523,382.017705522478,5019.21408664435,1451.53850063682,2170.31681774557
2020-03-31,SE0011166610,1255.7923707664,1486.40118072182,1990.66823145002,991.976628065109,359.642805606127,,2353.05399768054,257.100767381489,2247.76899883151,2725.72806406021,2581.49407362938
2020-03-31,SE0011166628,1255.7923707664,1486.40118072182,1990.66823145002,991.976628065109,359.642805606127,,2353.05399768054,257.100767381489,2247.76899883151,2725.72806406021,2581.49407362938
2020-03-31,SE0012673267,204.948999104195,0.0,18.9659999171022,-176.214999229787,54.1959955809474,,115.14899061094,9.76799995730538,28.7339998744075,2.37499998961919,81.589999643381
2020-03-31,SE0015810247,348.074885070324,0.0,268.874970681965,130.068152084947,-784.913860410452,,0.187509283423424,209.268066473305,478.143037155271,,
2020-03-31,SE0015811559,78.3720407187939,1265.54288287461,329.67769241333,499.943710453808,100.036202706397,,1238.49881701171,248.638058759272,578.315751172602,542.533211454749,211.843673445284
2020-03-31,SE0015811963,1944.58326384425,504.634994581342,7480.85045011342,5628.25314955413,-4351.62169504911,,-3270.72443075478,91.9859632849693,7572.83641339839,,
2020-03-31,SE0015812219,531.586881823838,0.0,1411.248648718,1066.30128639936,109.505421519279,,377.737451456487,186.639519505203,1597.8881682232,267.679153159261,
2020-03-31,SE0015961909,403.599998235918,432.199998110912,1955.6999914519,2053.79999102312,152.299987581709,,889.899927439019,501.699997807136,2457.39998925903,211.399999075999,931.199995929849
2020-03-31,SE0016101844,187.715755275637,0.0,102.647136429697,-58.7974277317524,9.0473229251802,,152.276289068162,26.2711911141872,128.918327543885,99.9519477054477,
2020-03-31,SE0016589188,1300.58953488618,1550.88334098458,1403.33785587549,542.809169344604,-8.06289918720722,,2491.81086741388,440.060848355293,1843.39870423079,2996.44275400788,1678.37588609755
2020-03-31,US0258161092,32895.8757400513,0.0,47927.0899963379,18218.2727813721,331.314851939678,,10008.4316643476,3187.05852508545,51114.1485214233,,
2020-03-31,US0311621009,7301.89102172852,3355.66184997559,27348.3706665039,21723.3992004395,1656.57425969839,,5547.93527412415,1676.91955566406,29025.290222168,1219.41215515137,4565.04894256592
2020-03-31,US0378331005,86696.741027832,3038.50532531738,88526.7706298828,21538.3912277222,10210.8514232039,,52962.267578423,19708.3616256714,108235.132255554,29547.5048446655,14328.5485076904
2020-03-31,US0970231058,14150.831489563,72927.7732849121,30762.3601531982,21326.042175293,-570.043087720871,,15348.5009080768,4714.51351165771,35476.873664856,13636.819190979,11597.1746444702
2020-03-31,US1491231015,6498.06327819824,10706.7668151855,22209.1590499878,27307.359046936,991.221420049667,,9648.97774279118,11596.2632751465,33805.4223251343,5257.68962860107,15261.7906951904
2020-03-31,US1667641005,8180.45104980469,5991.3419342041,21565.7323074341,21303.2579421997,3266.85521131754,,26545.1274797916,7917.97668457031,29483.7089920044,10002.2783279419,8818.40957641602
2020-03-31,US17275R1023,26088.7430101633,1106.5461602211,11167.7166929245,-10493.0156925917,2535.71635210514,,10952.7589513063,4428.01062464714,15595.7273175716,2184.78957211971,4171.45990598202
2020-03-31,US1912161007,16100.2504730225,3242.65205383301,28338.1177520752,29826.3838577271,2518.90058666468,,7789.07601231337,17588.5165786743,45926.6343307495,11519.7082519531,4037.36610412598
2020-03-31,US2546871060,13068.1247329712,1395.30643463135,41942.1276473999,41208.4753417969,424.809180021286,,16323.3835135102,12334.4724273682,54276.6000747681,15537.024230957,13244.0190124512
2020-03-31,US38141G1040,,,219291.863937378,364677.143936157,1101.05456274748,,8959.11668121815,156048.301086426,375340.165023804,194283.889694214,
2020-03-31,US4370761029,7939.37740039825,13684.8353098631,33504.0630706549,30178.033646822,2052.15688914061,,25832.4960744381,4613.34797656536,38117.4110472202,9181.04635906219,2382.90881037712
2020-03-31,US4385161066,8011.84772491455,4177.71697998047,11043.0620956421,7350.19359588623,1435.09255045652,,7681.96600538492,4318.97922515869,15362.0413208008,5172.93228149414,6791.52420043945
2020-03-31,US4581401001,18959.2160415649,8426.52076721191,33223.9686965942,17421.7359924316,5138.55719679594,,17998.1120116711,3156.98333740234,36380.9520339966,4226.93092346191,7705.62763214111
2020-03-31,US4592001014,10951.925163269,1627.70561218262,51477.7848815918,52345.4084777832,1067.46922159195,,15949.4062011838,11819.5487594604,63297.3336410522,3802.23281860352,17809.0679550171
2020-03-31,US46625H1005,,,298464.339828491,516204.141807556,2588.7944047451,,29005.9345033765,259845.976104736,558310.315933228,6106.17446899414,
2020-03-31,US4781601046,16426.520690918,8082.0231628418,23142.4012374878,8711.77936553955,5261.09830641747,,18773.2979940176,1995.89881896973,25138.3000564575,6754.1580581665,13555.707321167
2020-03-31,US5801351017,4902.98468780518,35.6345405578613,46039.5529899597,42772.1116905212,1004.74632770419,,4279.31709036827,1635.5433883667,47675.0963783264,612.349048614502,1545.04441452026
2020-03-31,US58933Y1055,6773.29681396484,5327.86506652832,19719.2980575562,18743.2215118408,2921.92468053102,,10896.1739251614,5797.22026824951,25516.5183258057,3255.41122436523,7456.8238067627
2020-03-31,US5949181045,125428.114547729,1498.29116821289,71314.6495819092,-48850.3071212769,9759.71859741211,,31788.9792596698,5263.15784454346,76577.8074264526,8426.52076721191,20687.1722793579
2020-03-31,US6541061031,7899.49195379019,6622.91535490751,11074.7514941096,3800.96187329292,-722.168422937393,,5775.5191090107,625.70233297348,11700.4538270831,2020.94661569595,2471.34441572428
2020-03-31,US7427181091,14406.8022814393,4895.16092598438,21536.7492976785,17299.5592564344,2542.52347946167,,16070.5644783974,10169.6122401953,31706.3615378737,10747.4513527751,3719.89493429661
2020-03-31,US79466L3024,8949.14642119408,0.0,4945.67702138424,-3281.29282164574,90.4960053563118,,4447.10167735815,722.176578164101,5667.85359954834,2684.1961312294,3222.86134123802
2020-03-31,US88579Y1010,4080.20046234131,3843.24443817139,18090.6810760498,17192.9822921753,1187.28719544411,,7329.77377921343,3182.5016784668,21273.1827545166,2011.39209747314,4393.71150970459
2020-03-31,US89417E1091,,,5690.59005737305,5815.44765472412,540.088594257832,,7178.18588805199,620.642509460449,6311.2325668335,4819.32098388672,
2020-03-31,US91324P1021,,,32607.8830337524,27375.7117462158,3069.88172399998,,58475.7097994685,14425.1536560059,47033.0366897583,20820.2322006226,
2020-03-31,US92343V1044,7474.13982391357,1488.26610565186,113627.704544067,119373.888130188,3772.45075249672,,28692.7738898993,13220.3234100342,126848.027954102,15875.142250061,22722.259979248
2020-03-31,US92826C8394,12329.9155807495,0.0,12661.6540145874,3976.30435943604,2698.62754744291,,5313.74559795856,3644.56592559814,16306.2199401855,146.730461120605,1381.63589477539
2020-03-31,US9311421039,13630.9687888622,37630.7863744497,57654.5243166685,55237.8348066807,3647.26324617863,,123058.113465428,11214.2792788744,68868.8035955429,40259.2900009155,4591.43617141247
2020-03-31,US9314271084,847.754741370678,8597.11409515142,31520.6540211439,36708.7691987157,-1639.04807889462,,27756.8632836342,6035.86991894245,37556.5239400864,12615.6333888173,6276.80127704144
2020-03-31,US2605571031,3322.85255432129,5763.49960327148,16345.408821106,15080.4281997681,215.12772578001,,8868.34548890591,2057.8719329834,18403.2807540894,3434.95098114014,4431.98902130127
2020-03-31,DE0008404005,,,22768.0,-6235.0,1400.0,,29071.0,0.0,22768.0,,
2020-06-30,CH0012221716,3913.99198318073,3913.10163013633,6118.50612111418,8138.71717885692,343.240662880077,,5550.87347139131,5934.20304092346,12052.7091620376,3616.61406635125,6463.96310234123
2020-06-30,DE0005140008,,,161410.0,6253.0,29.0,,8341.0,11075.0,172485.0,,
2020-06-30,DE0005190003,17720.0,16194.0,72982.0,99894.0,-230.0,,19973.0,44632.0,117614.0,9222.0,39587.0
2020-06-30,DE0005439004,2611.3,4846.7,5217.2,6031.6,-529.6,,5659.3,3425.7,8642.9,4522.6,6603.1
2020-06-30,DE0005552004,5656.0,407.0,15926.0,13860.0,525.0,,15937.0,3590.0,19516.0,6209.0,8292.0
2020-06-30,DE0005557508,14537.0,2077.0,122248.0,127047.205,753.0,,27041.0,19336.205,141584.205,9601.0,14595.0
2020-06-30,DE0005785604,3073.0,4027.0,21909.0,24414.0,411.0,,8920.0,5578.0,27487.0,1664.0,7226.0
2020-06-30,DE0005785802,1889.433,1840.855,10443.315,11588.084,350.972,,4557.345,3034.202,13477.517,678.121,3448.171
2020-06-30,DE0005810055,21644.4,0.0,2629.9,779.299999999999,256.7,,892.9,19793.8,22423.7,,
2020-06-30,DE0006047004,2746.5,2143.0,9832.0,9852.9,557.3,,5061.2,2767.4,12599.4,2423.1,2208.8
2020-06-30,DE0006048432,2339.0,2274.0,1883.0,2577.0,556.0,,5077.0,3033.0,4916.0,3912.0,3863.0
2020-06-30,DE0006062144,1504.0,1922.0,2817.0,1845.0,-52.0,,2156.0,532.0,3349.0,1048.0,1311.0
2020-06-30,DE0006231004,3450.0,2215.0,8575.0,5772.0,-128.0,,2174.0,647.0,9222.0,1091.0,1214.0
2020-06-30,DE0006599905,1512.0,3537.0,10081.0,12578.0,290.0,,4119.0,4009.0,14090.0,1764.0,3602.0
2020-06-30,DE0006969603,437.0,1288.9,689.0,564.4,-95.6,,831.1,312.4,1001.4,908.5,572.5
2020-06-30,DE0007037129,5686.0,1161.0,4151.0,665.0,276.0,,2672.0,2200.0,6351.0,2103.0,2366.0
2020-06-30,DE0007100000,28466.0,30118.0,95891.0,129125.0,-2001.0,,30184.0,61700.0,157591.0,13665.0,55048.0
2020-06-30,DE0007164600,7624.0,0.0,14491.0,9452.0,867.0,,6743.0,2585.0,17076.0,1311.0,6337.0
2020-06-30,DE0007165631,190.7,503.8,1670.5,1669.5,35.3,,546.9,189.7,1860.2,242.0,297.8
2020-06-30,DE0007236101,12084.0,8691.0,40619.0,33994.0,941.0,,12979.0,5459.0,46078.0,6131.0,19006.0
2020-06-30,DE0007664039,62876.0,45932.0,122147.0,166503.0,-1607.0,,41076.0,107232.0,229379.0,20692.0,72721.0
2020-06-30,DE0008430026,,,4006.0,-1825.0,580.0,,16767.0,0.0,4006.0,,
2020-06-30,DE000A161408,611.5,70.8,248.1,-340.9,115.8,,972.1,22.5,270.6,219.5,26.9
2020-06-30,DE000A1DAHH0,559.3,1190.5,2247.4,2002.0,123.4,,2817.2,313.9,2561.3,1120.4,1658.9
2020-06-30,DE000A1EWWW0,2024.0,5213.0,3973.0,3805.0,-221.0,,3352.0,1856.0,5829.0,2575.0,1869.0
2020-06-30,DE000A1ML7J1,949.2,456.7,24206.4,24856.4,1360.5,,1027.2,1599.2,25805.6,,
2020-06-30,DE000BASF111,5562.0,10797.0,16664.0,20519.0,-892.0,,12680.0,9417.0,26081.0,3820.0,9403.0
2020-06-30,DE000BAY0017,3148.0,10128.0,33947.0,38171.0,-9619.0,,10054.0,7372.0,41319.0,5098.0,13103.0
2020-06-30,DE000ENAG999,3342.0,1348.0,31382.0,30829.0,573.0,,12838.0,2789.0,34171.0,15491.0,14016.0
2020-06-30,DE000SHL1006,622.0,2583.0,5260.0,5498.0,270.0,,3312.0,860.0,6120.0,1301.0,3280.0
2020-06-30,DE000ZAL1111,1377.5,1017.7,847.4,-468.8,122.6,,2034.7,61.3,908.7,1524.9,475.9
2020-06-30,FI4000297767,,,237493.994123241,188851.995326881,242.999983754691,,2807.99981227643,,237493.994123241,,
2020-06-30,GB0009895292,5444.50869402804,3171.43744368403,13902.8623478737,12137.2923167604,686.48130867128,,5744.28671779697,3678.93866291477,17581.8010107885,10709.1660787848,4473.13355336007
2020-06-30,IE00BZ12WP82,4399.2342916131,1526.9554361701,9863.33079993725,11164.1365680099,415.884197711945,,5790.59722447395,5700.04005968571,15563.370859623,2507.23411560059,3757.28976130486
2020-06-30,NL0000235190,11511.0,37524.0,13441.0,6559.0,-1438.0,,8317.0,4629.0,18070.0,10590.0,5931.0
2020-06-30,NL0012169213,666.150557971895,180.56715468049,1246.65360679954,852.751635096073,81.5096705751419,,402.49236332798,272.248586268425,1518.90219306797,84.4499843269587,338.755286102593
2020-06-30,SE0000106270,1212.61846232414,3818.06820631027,6422.37252983451,8069.00989551097,-462.616786271334,,2656.8718817234,2859.25582800061,9281.62835783511,,
2020-06-30,SE0000108227,1170.68090848625,1725.24917884916,1512.51973376423,924.599003233016,32.0895404219627,,1557.46865925193,582.760177955031,2095.27991171926,639.90851944685,1181.09757942706
2020-06-30,SE0000108656,4911.50813148916,3050.17326989025,2865.1579034552,-365.156877659261,230.068868756294,,5214.83180576563,1681.1933503747,4546.3512538299,3075.49820382893,4711.01110732555
2020-06-30,SE0000112724,22.5535260736942,444.380916282535,542.622546806931,899.847464025021,43.0675410926342,,439.776830285788,379.778443291783,922.400990098715,332.377812221646,278.765404902399
2020-06-30,SE0000113250,1273.70082843304,4879.97142130136,1039.27794937044,381.785324849188,229.881210625172,,3818.93679741025,616.208203911781,1655.48615328223,3391.3431346491,3090.02420367301
2020-06-30,SE0000115446,6882.83921559155,4877.77340816706,10041.1929580048,9768.63932935148,-26.4597964882851,,6870.82098385692,6610.28558693826,16651.478544943,4616.68767412752,9756.59804000705
2020-06-30,SE0000148884,,,92160.6838396713,64314.0554412156,328.495558530092,,1651.57921200991,2675.84207653999,94836.5259162113,,
2020-06-30,SE0000202624,559.059862419963,537.844257384539,1269.30480216444,710.244939744473,46.3515583872795,,654.082416027784,,1269.30480216444,194.763076856732,487.194389507174
2020-06-30,SE0000242455,,,85734.744658649,69396.7218998149,454.601822644472,,1444.21697711945,19984.9088117927,105719.653470442,,
2020-06-30,SE0000382335,1089.07979319954,674.709505629998,2387.39254209063,1769.84369924955,-158.635295532507,,951.266946765051,471.530950358468,2858.92349244909,548.190343911836,1050.17136697095
2020-06-30,SE0000667891,1811.16282266378,2368.12023773789,2164.37397676706,712.060689724982,103.68111744523,,1898.16199630499,358.849535621703,2523.22351238877,2252.29450213909,12.1368551328778
2020-06-30,SE0000667925,959.384950228035,295.776115246117,10156.5408646613,10178.0431670621,-192.537242531776,,2042.65875726938,980.887252628803,11137.4281172901,2928.42245540768,1414.85149797052
2020-06-30,SE0000695876,839.354319937527,994.362028799951,1171.63656637073,446.292232051492,98.1452025771141,17196.0,980.982880443335,114.009985618293,1285.64655198902,293.769233688712,614.870282873511
2020-06-30,SE0005190238,312.022299282253,88.0160911604762,2500.57442052662,2832.18770644069,77.5028081536293,,614.205063164234,643.635585196316,3144.21000572294,744.170794643462,
2020-06-30,SE0007100581,356.078127756715,1100.91788291931,2570.43301188201,2937.78790267557,131.266862720251,,1872.17134514451,723.433018550277,3293.86603043228,628.918453775346,1310.9714859277
2020-06-30,SE0007100599,,,75332.5997176766,102798.685146533,371.375441491604,,1417.10037717223,87373.9846278951,162706.584345572,,
2020-06-30,SE0009922164,525.611836463213,1684.15588981658,3951.26308916509,4228.69057302922,195.915088891983,,2665.40226539969,803.039320327342,4754.30240949243,1490.15733926743,1702.60008698702
2020-06-30,SE0011166610,504.300665639341,1532.49298354983,2160.16908207536,1955.1804658547,293.591146141291,,2261.46813815832,299.312049418688,2459.48113149405,2684.34743171185,2680.52480017394
2020-06-30,SE0011166628,504.300665639341,1532.49298354983,2160.16908207536,1955.1804658547,293.591146141291,,2261.46813815832,299.312049418688,2459.48113149405,2684.34743171185,2680.52480017394
2020-06-30,SE0012673267,212.048994752874,0.0,17.8299995587988,-184.864995425538,70.4449952905384,,128.306991422289,9.35399976853642,27.1839993273353,4.38899989139473,72.0109982180967
2020-06-30,SE0015810247,907.683858677745,0.0,281.154549613595,-515.672994464636,2312.22966262698,,48.7911140918732,110.856314599514,392.010864213109,,
2020-06-30,SE0015811559,189.602524280548,1207.28260546178,613.914624989033,558.199770323932,126.293922245502,,1256.4650169313,133.887669615448,747.80229460448,473.719613336027,217.125471353531
2020-06-30,SE0015811963,1588.87679873407,569.954362303019,7404.05502578616,5900.13621298224,6039.40163391829,,6689.82471638918,84.9579859301448,7489.01301171631,,
2020-06-30,SE0015812219,373.375535465777,,1408.54415593296,1190.46302669495,117.661648213863,,387.79552796483,155.294406227767,1563.83856216073,323.012364953756,163.417498245835
2020-06-30,SE0015961909,418.799989636845,425.399989473529,1638.49995945552,1943.59995190586,68.7999954005117,,896.599940059575,723.899982087183,2362.39994154271,195.1999951698,847.19997903614
2020-06-30,SE0016101844,253.30667885989,0.0,102.178941008449,-142.756174783409,3.4716754257679,,152.181361433864,8.37156306803226,110.550504076481,110.024892240018,
2020-06-30,SE0016589188,1617.35540369153,1368.02426163107,1592.79499606043,538.417652115226,-13.2298982441425,,2202.73114311695,562.978059746325,2155.77305580676,2431.19365811348,1511.18181272596
2020-06-30,US0258161092,36946.9794371724,0.0,43446.5565124154,7894.76026386023,231.551245450974,,7461.39836812019,1395.18318861723,44841.7397010326,,
2020-06-30,US0311621009,10168.7218871713,3418.95561218262,30390.419768393,20302.7200064063,1637.20351195335,,5573.5746846199,81.022125184536,30471.4418935776,1023.90597760677,4777.63432681561
2020-06-30,US0378331005,82850.9102958441,3541.82432949543,90938.8771659136,25937.7642953396,10218.2202551365,,53951.4401900768,17849.7974252701,108788.674591184,31451.7205730081,15921.2927752733
2020-06-30,US0970231058,28874.148568511,74562.6139953732,52047.3667243123,25774.8296919465,-2157.51278114319,,10721.27668643,2601.61153614521,54648.9782604575,12197.8364288807,10219.4720095396
2020-06-30,US1491231015,7827.09343403578,10124.204235971,23956.7288169265,26560.1210591197,415.884197711945,,9067.72838068008,10430.485676229,34387.2144931555,4525.66442102194,14055.112836957
2020-06-30,US1667641005,6299.24764484167,4906.73551529646,26979.4773334265,24019.9438816309,-7509.52470541,,14657.6478590965,3339.71419304609,30319.1915264726,7274.18420612812,7616.07976734638
2020-06-30,US17275R1023,24878.6477982402,1084.14380085468,10350.1060675979,-11698.9433237314,2350.07694816589,,10832.998860836,2829.5984069109,13179.7044745088,1875.68716871738,4627.4843044281
2020-06-30,US1912161007,17643.2355237007,3117.12593704462,33592.1292427182,28951.6092815995,1615.41045355797,,6455.28550553322,13002.715562582,46594.8448053002,10388.6390841007,3426.96878939867
2020-06-30,US2546871060,20580.5101498961,1388.06036442518,50970.0395652652,40242.1759790182,-4284.15206289291,,10646.8170702457,9852.64656364918,60822.6861289144,14373.8592195511,11238.0358690023
2020-06-30,US38141G1040,,,212247.695980668,345781.952168047,338.700449228287,,14039.2698271275,143853.447735608,356101.143716276,177368.116265237,
2020-06-30,US4370761029,11956.8714510798,11414.7995506525,31513.7431660295,22353.4891481996,3862.11431694031,,33925.4469304085,2796.61743324995,34310.3605992794,9886.68110436201,2166.59626972675
2020-06-30,US4385161066,13468.3701941371,4231.84792309999,16189.2890354991,6875.30605137348,981.595671892166,,6790.35377836227,4154.38721001148,20343.6762455106,4777.63432681561,5980.50126224756
2020-06-30,US4581401001,22984.463314712,7985.57627230883,32135.5116954446,11157.9040968418,4635.56512951851,,17913.8940010071,2006.85571610928,34142.3674115539,4491.83100610971,6625.11685162783
2020-06-30,US4592001014,12688.4209451079,1664.06980186701,52649.2453685403,49427.057774663,1236.75606393814,,16456.4832208157,9466.23335123062,62115.4787197709,4201.57592028379,16930.062751472
2020-06-30,US46625H1005,,,308290.967033207,542557.983650565,4236.93376970291,,32132.0485157967,252558.429142535,560849.396175742,6321.50647044182,
2020-06-30,US4781601046,17036.9051143527,8390.68689823151,22314.0274876356,10024.4846972823,3292.56790590286,,16651.7127022743,4747.3623239994,27061.389811635,6023.23820739985,13039.2200365663
2020-06-30,US5801351017,2898.72234025598,37.9290388226509,41984.1516704857,43330.454478085,439.311735486984,,3415.60788142681,4245.02514785528,46229.176818341,479.366068124771,2539.8210362792
2020-06-30,US58933Y1055,9885.5896255374,5391.97791337967,23288.0736958981,17603.1696376204,2125.73123764992,,8458.43078970909,4200.68556725979,27488.7592631578,3069.93722677231,6746.20486289263
2020-06-30,US5949181045,121557.227308452,1687.21898049116,67849.3521943688,-48450.3405073285,10171.9100060463,,34535.6412479877,5257.53460675478,73106.8868011236,11156.1233907938,28501.0906514525
2020-06-30,US6541061031,7926.75276517868,5606.42165511847,10342.4055857062,2914.83756744862,1318.77947402,,9191.49330377579,499.184746921062,10841.5903326273,1658.0960689187,3188.26036852598
2020-06-30,US7427181091,11420.2874679565,4866.75482225418,20422.1209888458,15574.1270928383,3659.31069773436,,16528.0720268488,6572.29357194901,26994.4145607948,10177.8024888039,4300.5159573555
2020-06-30,US79466L3024,7850.31739729643,0.0,4572.51601499319,-2619.87324106693,2340.27010202408,,4592.27858877182,657.928141236305,5230.4441562295,1758.98526191711,3342.91766363382
2020-06-30,US88579Y1010,3976.3166052103,3710.99140405655,17702.8891763091,15270.444714725,1185.90559434891,,6516.12446022034,1543.87214362621,19246.7613199353,1758.44722241163,3970.08413404226
2020-06-30,US89417E1091,,,6002.76008784771,6029.47067856789,-37.2298080921173,,6720.43438267708,581.400524675846,6584.16061252356,4365.40087670088,
2020-06-30,US91324P1021,,,35525.976010859,21128.0772596598,6026.68869042397,,56424.0442738533,5481.01321578026,41006.9892266393,22635.4449293017,
2020-06-30,US92343V1044,7998.04121464491,1147.66504794359,110713.617829084,111548.768965602,4267.80726909637,,27647.2187068462,8833.19235116243,119546.810180247,17181.1423042417,20864.532764554
2020-06-30,US92826C8394,15949.7840720415,0.0,15919.5120692253,2639.89671617746,2077.60490036011,,4392.20931077003,2670.16871899366,18589.680788219,136.224012672901,1293.68294388056
2020-06-30,US9311421039,14296.8292490244,34743.3415868282,51840.1709330678,44471.883150816,5773.55778312683,,122801.32738781,6928.54146677256,58768.7123998404,39176.3227132559,4322.19888156652
2020-06-30,US9314271084,443.998493492603,6619.84194535017,29249.5504724383,33533.1743559837,292.772518277168,,26385.1458534002,4727.622377038,33977.1728494763,8482.79607623816,3436.59850895405
2020-06-30,US2605571031,3322.79748558998,5149.80189085007,15892.8014785051,14076.4813095331,-206.126010656357,,7585.80040979385,1506.47731661797,17399.2787951231,2934.60356712341,3881.04883164167
2020-06-30,DE0008404005,,,23999.0,1012.0,1527.0,,28561.0,0.0,23999.0,,
2020-09-30,CH0012221716,7937.57765315473,3958.55559367686,5957.44708690792,312.966372873634,-438.911924753378,,5614.30809012012,2293.09693912044,8250.54402602836,3686.52215240523,6598.72968200594
2020-09-30,DE0005140008,,,158608.0,-10360.0,278.0,,7289.0,8222.0,166830.0,,
2020-09-30,DE0005190003,17830.0,16078.0,69078.0,94248.0,1786.0,,26283.0,43000.0,112078.0,9861.0,38069.0
2020-09-30,DE0005439004,2657.1,4427.4,5138.5,5050.2,-652.9,194443.0,8679.1,2568.8,7707.3,6008.7,8107.9
2020-09-30,DE0005552004,5138.0,464.0,15787.0,14149.0,851.0,,16222.0,3500.0,19287.0,6446.0,8397.0
2020-09-30,DE0005557508,10642.0,2342.0,123328.0,130192.328,817.0,,26393.0,17506.328,140834.328,8318.0,14886.0
2020-09-30,DE0005785604,2658.0,4032.0,23267.0,24513.0,427.0,,8918.0,3904.0,27171.0,1690.0,7198.0
2020-09-30,DE0005785802,1598.659,1897.017,10987.747,11454.058,353.502,,4413.768,2064.97,13052.717,728.592,3251.856
2020-09-30,DE0005810055,,0.0,,,227.1,,813.6,,,,
2020-09-30,DE0006047004,3551.5,2170.1,9477.1,8412.6,344.4,,4578.5,2487.0,11964.1,2690.0,1746.1
2020-09-30,DE0006048432,1989.0,2193.0,2355.0,2520.0,441.0,,4947.0,2154.0,4509.0,3819.0,3413.0
2020-09-30,DE0006062144,1157.0,1656.0,2788.0,1770.0,179.0,,2760.0,139.0,2927.0,1134.0,1539.0
2020-09-30,DE0006231004,3227.0,2052.0,7966.0,5303.0,112.0,,2490.0,564.0,8530.0,1160.0,1293.0
2020-09-30,DE0006599905,1548.0,3428.0,9977.0,12112.0,805.0,,4447.0,3683.0,13660.0,1684.0,3593.0
2020-09-30,DE0006969603,380.9,1222.4,733.7,653.7,113.6,,1583.4,300.9,1034.6,937.0,761.5
2020-09-30,DE0007037129,7739.0,1679.0,3694.0,-2620.0,413.0,,2917.0,1425.0,5119.0,1947.0,2267.0
2020-09-30,DE0007100000,31611.0,29534.0,92667.0,120609.0,1702.0,,31620.0,59553.0,152220.0,14877.0,52495.0
2020-09-30,DE0007164600,7964.0,0.0,14144.0,10047.0,1556.0,,6535.0,3867.0,18011.0,1279.0,5595.0
2020-09-30,DE0007165631,475.8,531.7,2020.7,1610.4,68.1,,623.2,65.5,2086.2,265.1,314.6
2020-09-30,DE0007236101,15297.0,7795.0,38005.0,29270.0,918.0,,14816.0,6562.0,44567.0,7873.0,17616.0
2020-09-30,DE0007664039,66220.0,43504.0,126281.0,160182.0,2583.0,,59355.0,100121.0,226402.0,23724.0,74093.0
2020-09-30,DE0008430026,,,5276.0,-291.0,202.0,,16446.0,0.0,5276.0,,
2020-09-30,DE000A161408,722.5,77.6,150.4,-544.7,74.4,,970.2,27.4,177.8,244.7,26.4
2020-09-30,DE000A1DAHH0,870.9,1005.9,2211.0,1588.3,117.8,,2880.9,248.2,2459.2,1194.2,1648.0
2020-09-30,DE000A1EWWW0,3224.0,4676.0,4899.0,3999.0,504.0,,5561.0,2324.0,7223.0,1710.0,2607.0
2020-09-30,DE000A1ML7J1,1713.6,486.9,24567.7,24555.0,260.1,,1038.8,1700.9,26268.6,,
2020-09-30,DE000BASF111,5860.0,10463.0,16508.0,15702.0,-2135.0,,13811.0,5054.0,21562.0,4250.0,9324.0
2020-09-30,DE000BAY0017,5067.0,10452.0,35190.0,38383.0,-7702.0,,8506.0,8260.0,43450.0,5461.0,10161.0
2020-09-30,DE000ENAG999,4512.0,1468.0,29524.0,29051.0,676.0,,12811.0,4039.0,33563.0,15481.0,10735.0
2020-09-30,DE000SHL1006,656.0,2305.0,3296.0,4847.0,428.0,,3876.0,2207.0,5503.0,1356.0,3338.0
2020-09-30,DE000ZAL1111,2596.1,1476.2,1705.9,-819.2,58.5,,1849.8,71.0,1776.9,2167.9,469.1
2020-09-30,FI4000297767,,,227891.007065649,178963.00554866,837.000035134625,,2621.00011002133,,227891.007065649,,
2020-09-30,GB0009895292,7202.49025340349,3140.74965703115,15992.8371077822,11847.5251113585,554.415117365686,,5774.3018936744,3057.17825697981,19050.015364762,11432.2264192667,4833.49689276474
2020-09-30,IE00BZ12WP82,4433.5479798317,1477.84932661057,10198.2689538002,10748.3052005768,598.049609005451,,5864.99294668436,4983.58422660828,15181.8531804085,2475.58949518204,3584.18968248367
2020-09-30,NL0000235190,12581.0,36655.0,13973.0,5756.0,-767.0,,11213.0,4364.0,18337.0,9526.0,6238.0
2020-09-30,NL0012169213,431.410057349682,217.150899149895,1209.49985973358,1093.38933996248,14.4678381806612,,413.89738626796,315.299537578583,1524.79939731216,77.481772629261,318.137554058075
2020-09-30,SE0000106270,1176.73182687163,4079.1043291688,6680.36222821474,7344.05526551604,175.369745761156,,4898.98899883032,1840.42486417294,8520.78709238768,3473.38506287336,
2020-09-30,SE0000108227,1372.52995915711,1596.25091327727,1508.59193636477,701.748222783208,113.75460729003,,1794.21601116657,565.686245575547,2074.27818194032,750.341786071658,1246.66310209036
2020-09-30,SE0000108656,5176.26258668303,3125.61421591043,2816.33047780395,-755.010579407215,516.478721648455,,5545.12704849243,1604.92152947187,4421.25200727582,2925.52307295799,4730.53574538231
2020-09-30,SE0000112724,219.71913126111,412.187754482031,807.796528548002,829.234865292907,-92.431648671627,,418.547486364841,241.157468006015,1048.95399655402,334.819179207087,231.057629361749
2020-09-30,SE0000113250,1421.79049292207,4895.08689008653,995.310513943434,159.97763286531,125.043232440948,,3538.83925884962,586.457611843944,1581.76812578738,3461.57677307725,3144.67051523924
2020-09-30,SE0000115446,8237.18066637218,4793.70737765729,9897.55602689087,8086.06421269476,552.17779263854,,7414.98649656773,6425.68885217607,16323.2448790669,5123.3813560456,9209.05193214118
2020-09-30,SE0000148884,,,95116.0879658461,65637.3268451393,459.842627942562,,1521.16636008024,1810.34843623638,96926.4364020824,,
2020-09-30,SE0000202624,544.629034817219,546.629946246743,1146.80809360743,602.179058790207,133.147886395454,,769.556189775467,,1146.80809360743,185.131947979331,509.374881058931
2020-09-30,SE0000242455,,,80621.9619778544,62169.0803672969,507.602195888758,,1396.21961161494,18563.1223021746,99185.0842800289,,
2020-09-30,SE0000382335,1259.11401166432,608.706794125289,1798.57593091853,1444.59135506898,84.103404922842,,1742.9853154508,905.129435814768,2703.7053667333,778.066795965135,1377.8195114433
2020-09-30,SE0000667891,2233.68412582576,2243.21227549016,2209.38734418154,329.292852401733,307.494430392981,,1943.66968944669,353.589634045959,2562.9769782275,2213.1986040473,10.9573721140623
2020-09-30,SE0000667925,1208.83634792268,371.88368140161,10087.6426126957,9779.12112656236,243.043134659529,,2077.29999572039,900.314861789346,10987.957474485,2785.9356803745,1273.91361013055
2020-09-30,SE0000695876,934.711482077837,966.726064950228,1166.34080041945,353.303789556026,99.4749788939953,,938.596115112305,121.674471214414,1288.01527163386,260.499611824751,598.653643414378
2020-09-30,SE0005190238,457.351183891296,69.7460555434227,2471.03033396602,2627.67311444879,109.605796337128,,631.294652670622,613.993964374065,3085.02429834008,991.499254077673,
2020-09-30,SE0007100581,467.451022535563,1094.30798895657,2675.02801828086,2981.45331148803,428.099399954081,,2144.35635879636,773.876315742731,3448.90433402359,668.590261951089,1420.93295945227
2020-09-30,SE0007100599,,,75976.1314829886,100489.678532079,320.42328312993,,1325.20740553737,77650.9896309972,153627.121113986,,
2020-09-30,SE0009922164,680.214604541659,1698.10683318973,3871.0013641566,4008.11143782735,218.536204844713,,2766.87096968293,817.324678212404,4688.32604236901,1437.70250286162,1813.30216263235
2020-09-30,SE0011166610,976.73062209785,1401.01912665367,2158.98343245685,1453.70979429781,349.079023897648,,2397.53031089902,271.456983938813,2430.44041639566,2615.19123838842,2616.81102383137
2020-09-30,SE0011166628,976.73062209785,1401.01912665367,2158.98343245685,1453.70979429781,349.079023897648,,2397.53031089902,271.456983938813,2430.44041639566,2615.19123838842,2616.81102383137
2020-09-30,SE0012673267,283.20300878057,0.0,19.2590005971159,-254.619007894338,79.3810033321842,,140.020005877633,9.32500028911705,28.5840008862329,3.75600011645294,79.9430024785935
2020-09-30,SE0015810247,550.34592461586,,280.699289113283,-269.646635502577,1951.5813754499,,0.28945192694664,0.0,280.699289113283,,
2020-09-30,SE0015811559,250.304491683841,1322.507173419,612.088334441185,376.266630247235,196.248406469822,,1307.35787004232,14.4827874898911,626.571121931076,572.070105850697,254.878003522754
2020-09-30,SE0015811963,2072.37255200744,589.69718272984,7401.18081481755,5410.55978693068,2623.01336199045,,3500.14918461442,81.7515241205692,7482.93233893812,,
2020-09-30,SE0015812219,358.258427381516,0.0,1306.40460048616,1208.35994043946,117.903418242931,,424.529492855072,260.213767334819,1566.61836782098,303.947974294424,147.209912315011
2020-09-30,SE0015961909,427.200013245127,406.000012587831,880.100027287069,1806.90005602205,196.600008252697,,939.900039454276,1354.00004198011,2234.10006926718,186.700005788542,853.300026456148
2020-09-30,SE0016101844,201.358386857808,0.0,100.093212224543,-92.5850302889943,9.29140685498714,,171.519563511014,8.68014434427023,108.773356568813,136.748003983498,
2020-09-30,SE0016589188,1870.94746810198,1334.51264199615,1565.76083435118,-2.95372639596462,227.316246628761,,3087.87315666676,302.232907354832,1867.99374170601,2737.53268007934,1825.02178671956
2020-09-30,US0258161092,28166.97245121,0.0,38184.4542975426,11480.8340935707,912.047043204308,,7872.18090480566,1463.35224723816,39647.8065447807,,
2020-09-30,US0311621009,10540.229473114,3361.6168756485,29161.3015422821,18698.6740822792,1729.12483519316,,5460.30415546894,77.6020131111145,29238.9035553932,990.065244197845,3491.23782062531
2020-09-30,US0378331005,77584.1049542427,3463.09643125534,91288.1088080406,26690.8286633492,10842.750636518,,55326.8612531423,12986.8248095512,104274.933617592,36068.7334785461,13746.6423225403
2020-09-30,US0970231058,23123.6943683624,74157.6776061058,48885.0044131279,28860.273952961,-384.154899060726,,12097.8847944736,3098.9639081955,51983.9683213234,12347.2477784157,9996.16261196136
2020-09-30,US1491231015,7946.95780420303,9766.76765012741,22263.2500691414,24565.7273812294,571.526664972305,,8459.10798889399,10249.435116291,32512.6851854324,4428.43136358261,13489.1059713364
2020-09-30,US1667641005,6023.11009454727,4844.58281850815,29232.9341697693,23661.7918438911,-177.104819834232,,20498.8134222627,451.967768669128,29684.9019384384,8130.30321979523,8213.87461853027
2020-09-30,US17275R1023,25764.6903262138,1118.59894359112,8807.14241158962,-12378.4176267385,1843.29450178146,,10114.3790762424,4579.13028788567,13386.2726994753,1969.35224604607,3416.74888372421
2020-09-30,US1912161007,18017.3113517761,2783.43923950195,33686.0958452225,27066.047188282,1486.14044469595,,7418.72411972284,11397.2626948357,45083.3585400581,10872.8095293045,3263.54839754105
2020-09-30,US2546871060,15279.0688891411,1349.93392038345,47608.4086589813,37868.0768594742,-607.460976243019,,12553.9083160758,5538.73708963394,53147.1457486153,10798.6185936928,9272.16141271591
2020-09-30,US38141G1040,,,195614.208588123,337756.366295815,2880.73395353556,,11074.6125020981,152128.087087154,347742.295675278,159772.311763287,
2020-09-30,US4370761029,12578.4433779716,13868.738245368,32374.1249130964,22656.9941053391,2909.92949867249,,28434.555847168,2861.31257021427,35235.4374833107,11073.5286058187,2288.70666432381
2020-09-30,US4385161066,12798.36277771,4012.27990865707,15592.0352497101,6813.62730503082,648.528760552406,,6671.80379259586,4019.9548330307,19611.9900827408,4494.09460544586,5865.3477602005
2020-09-30,US4581401001,15565.5993990898,7907.73041296005,30750.0108876228,15614.2072534561,3658.45511889458,,15685.3268696666,429.795764923096,31179.8066525459,4399.4372048378,6088.77333641052
2020-09-30,US4592001014,13433.6759619713,1662.04751157761,50112.1395435333,46588.4964866638,1452.77286994457,,15023.9644265175,9910.03290510178,60022.1724486351,3398.28595876694,14902.1448254585
2020-09-30,US46625H1005,,,261545.220035076,461533.282746792,8039.01877856255,,26695.7709587812,237438.282577515,498983.502612591,6481.04724884033,
2020-09-30,US4781601046,26249.0941271782,8185.73322916031,27868.5031700134,5949.77192831039,3040.72719657421,,18034.7463636994,4330.36288547516,32198.8660554886,6006.90747642517,12432.5247159004
2020-09-30,US5801351017,3141.4318230629,37.6924063682556,40830.0860060692,40594.0394431114,1508.04326299429,,4635.61171180606,2905.38526010513,43735.4712661743,587.558099269867,2039.65379076004
2020-09-30,US58933Y1055,6272.97152137756,5225.77072906494,22445.7427153587,18236.4730811119,1988.36522364616,,9324.95377475023,2063.70188713074,24509.4446024895,3192.76853942871,7182.0236749649
2020-09-30,US5949181045,117662.560033321,2306.74115896225,63428.1333317757,-46698.5037360191,11886.5568210483,,31788.1762131453,7535.92296552658,70964.0562973022,10667.2921099663,19486.6329846382
2020-09-30,US6541061031,9874.60277819633,5091.12181842327,10287.5771917105,830.128729999065,1060.60468053818,,9509.83429384232,417.154316484928,10704.7315081954,1800.7021998167,3103.99594610929
2020-09-30,US7427181091,9759.30696111917,4868.62001234293,18400.555809617,15658.5346342921,3232.70492780209,,16561.9509080052,7017.28578579426,25417.8415954113,9829.59424012899,3938.53950637579
2020-09-30,US79466L3024,8148.68854379654,0.0,4675.2800052166,-2809.8037930727,916.559961557388,,4594.67014956474,663.60474550724,5338.88475072384,1628.53583729267,3339.48571801186
2020-09-30,US88579Y1010,3889.48111867905,3397.43318939209,16231.6122808456,13553.9164438248,1223.47774088383,,7144.08331215382,1211.78528165817,17443.3975625038,1882.91477966309,3942.35281991959
2020-09-30,US89417E1091,,,5764.72097396851,5802.24282646179,702.430227458477,,7079.9148991704,534.686398029327,6299.40737199783,4198.18363237381,
2020-09-30,US91324P1021,,,34021.2342095375,22380.0794734955,2713.89607977867,,55711.0161522031,3324.94779253006,37346.1820020676,18055.6859736443,
2020-09-30,US92343V1044,8577.15437221527,1242.48497915268,109107.577664852,108430.478781223,3727.75700491667,,26987.5233431458,7900.05548858643,117007.633153439,14830.5121979713,19912.1649026871
2020-09-30,US92826C8394,17970.4090361595,0.0,18362.6829485893,3041.82836008072,1762.49240994453,,4364.30766171217,2649.55444765091,21012.2373962402,148.38187122345,1379.78084850311
2020-09-30,US9311421039,12297.7205425501,44505.3004095554,52866.0334192514,46489.2468091249,4353.87178778648,,114216.428586006,5920.93393242359,58786.967351675,46488.3883295059,4953.42740178108
2020-09-30,US9314271084,1119.37801557779,9346.26304268837,28547.0653293133,33874.7696558833,-330.644145011902,,26653.3093099594,6447.08234214783,34994.1476714611,13552.9173924923,6578.33129543066
2020-09-30,US2605571031,3902.27265930176,4783.18342351913,15508.463850975,12528.0348858833,-23.9562075138092,,8309.38169193268,921.843694210052,16430.3075451851,2899.4158744812,4013.13267803192
2020-09-30,DE0008404005,,,23846.0,2179.0,2063.0,,27176.0,0.0,23846.0,,
2020-09-30,DE000ENER6Y0,4630.0,6530.0,1669.0,-2244.0,-372.0,,7629.0,717.0,2386.0,4768.0,8393.0
2020-12-31,CH0012221716,4665.93120293455,3652.48669572859,4543.33710932093,1154.83636184034,87.2343800620912,,5939.48697326607,1277.43045545397,5820.76756477489,3735.85067938585,6049.60987285366
2020-12-31,DE0005140008,,,117864.0,77081.0,147.0,,6913.0,125425.0,243289.0,79810.0,
2020-12-31,DE0005190003,13537.0,14896.0,66188.0,90511.0,1665.0,,29482.0,37860.0,104048.0,8644.0,38550.0
2020-12-31,DE0005439004,3052.7,4238.2,5144.4,4281.7,206.2,,10894.6,2190.0,7334.4,5933.1,7673.6
2020-12-31,DE0005552004,5797.0,505.0,15589.0,12605.0,1302.0,,19116.0,2813.0,18402.0,7309.0,9282.0
2020-12-31,DE0005557508,12944.0,2695.0,121144.0,124312.0,1671.0,,27622.0,16112.0,137256.0,9760.0,15489.0
2020-12-31,DE0005785604,1998.0,3945.0,22243.0,23915.0,410.0,,9304.0,3670.0,25913.0,1816.0,7411.0
2020-12-31,DE0005785802,1243.227,2174.098,10683.232,11136.79,177.0,,4400.0,1696.785,12380.017,731.993,3017.625
2020-12-31,DE0005810055,17692.9,0.0,3474.4,-14218.5,236.8,,1019.5,,3474.4,,
2020-12-31,DE0006062144,2175.0,1667.0,2276.0,714.0,312.0,,3007.0,613.0,2889.0,1241.0,1636.0
2020-12-31,DE0006231004,3334.0,1955.0,7833.0,4877.0,256.0,,2631.0,378.0,8211.0,1127.0,1257.0
2020-12-31,DE0006599905,1367.0,3294.0,9785.0,10775.0,436.0,,4598.0,2357.0,12142.0,1768.0,3390.0
2020-12-31,DE0006969603,655.9,1138.0,928.9,550.9,24.7,,1520.1,277.9,1206.8,941.5,621.0
2020-12-31,DE0007037129,8993.0,1632.0,3297.0,-4811.0,-588.0,,4296.0,885.0,4182.0,2387.0,3007.0
2020-12-31,DE0007100000,28404.0,26444.0,86539.0,117438.0,3485.0,,46621.0,59303.0,145842.0,12378.0,53125.0
2020-12-31,DE0007164600,6946.0,0.0,13600.0,8518.0,1906.0,,7538.0,1864.0,15464.0,1213.0,6199.0
2020-12-31,DE0007165631,203.435,558.555,1891.711,1883.609,77.174,,655.657,195.333,2087.044,330.742,314.26
2020-12-31,DE0007236101,14016.0,7743.0,35942.0,29464.0,1354.0,,14071.0,7538.0,43480.0,7025.0,19341.0
2020-12-31,DE0007664039,55071.0,43823.0,130522.0,164099.0,6952.0,,67398.0,88648.0,219170.0,22677.0,74249.0
2020-12-31,DE0008430026,,,6743.0,1128.0,208.0,,17905.0,0.0,6743.0,7966.0,
2020-12-31,DE000A161408,729.0,113.7,333.8,-366.9,138.8,,1108.5,28.3,362.1,291.7,28.8
2020-12-31,DE000A1DAHH0,726.3,985.2,1798.4,1298.3,111.6,,2876.2,226.2,2024.6,1229.8,1597.5
2020-12-31,DE000A1EWWW0,3994.0,4397.0,4641.0,1896.0,132.0,,5548.0,1249.0,5890.0,2390.0,1952.0
2020-12-31,DE000A1ML7J1,613.3,579.1,23844.0,24853.0,1410.4,,1110.9,1622.3,25466.3,,
2020-12-31,DE000BASF111,4537.0,10010.0,16882.0,16657.0,710.0,,15905.0,4312.0,21194.0,5291.0,9466.0
2020-12-31,DE000BAY0017,11884.0,10961.0,33196.0,29746.0,383.0,,9995.0,8434.0,41630.0,5683.0,9210.0
2020-12-31,DE000ENAG999,4795.0,1131.0,29423.0,28046.0,17.0,,17630.0,3418.0,32841.0,8064.0,7740.0
2020-12-31,DE000SHL1006,563.0,2384.0,3093.0,5013.0,432.0,,3868.0,2483.0,5576.0,1350.0,3345.0
2020-12-31,DE000ZAL1111,2665.2,1361.2,1316.7,-897.1,131.4,,2573.3,451.4,1768.1,2050.5,602.5
2020-12-31,FI4000297767,,,128616.998253999,175581.99761644,725.000011828118,,2761.00004504474,79919.9989150703,208536.997169069,6281.99991472061,
2020-12-31,GB0009895292,6531.81355261305,3288.79100797235,14706.3880212361,10124.6379241455,848.857634514608,,6643.23366141868,1950.06345552237,16656.4514767585,12900.9856016012,3110.62091857423
2020-12-31,IE00BZ12WP82,3068.1214581728,1413.10122567415,10580.6873728037,11008.1321044564,645.031159698963,,6099.6964802742,3495.56618982553,14076.2535626292,2529.52475041151,3538.06547480822
2020-12-31,NL0000235190,16057.0,30401.0,14082.0,1038.0,1553.0,,19751.0,3013.0,17095.0,8722.0,6206.0
2020-12-31,NL0012169213,584.555598000348,237.980467318118,1606.63234466404,1076.00915660065,178.39850741297,,479.146592301011,53.9324099369645,1660.564754601,96.5657311261296,317.974746476769
2020-12-31,SE0000106270,1617.25415736437,3736.01354889572,5758.26569415629,6211.37063764036,240.044213905931,,5076.08989800513,2070.35910084844,7828.62479500473,929.97002966702,301.744034439325
2020-12-31,SE0000108227,1412.35492455959,1575.16585019231,1501.62228415161,413.694998688996,148.730793133378,,1906.32552927732,324.427639096975,1826.04992324859,841.820061080158,1222.67422513664
2020-12-31,SE0000108656,5018.87567329407,2842.72254932672,2918.0574336201,-1091.9079926908,732.647692173719,,6778.1112600863,1008.91024698317,3926.96768060327,3183.37157037854,5307.87501806021
2020-12-31,SE0000112724,126.686007536948,402.449500769377,844.706073820591,850.97568770498,76.2647092491388,,447.263786554337,132.955621421337,977.661695241928,330.299182258546,195.452724903822
2020-12-31,SE0000113250,2359.56420950592,4879.05333190411,941.238224104047,-861.624079540372,480.380007684231,,4151.70272253454,556.701905861497,1497.94012996554,960.246101118624,1779.17709563673
2020-12-31,SE0000115446,8500.70076810569,4739.52954355627,9470.69960193336,6767.69987631589,896.28078481555,,9439.77883307636,5797.70104248822,15268.4006444216,5932.34846448153,9319.33320958167
2020-12-31,SE0000148884,,,85665.914245002,53444.4776571915,498.983531907201,,1600.97449032962,,85665.914245002,,
2020-12-31,SE0000202624,602.679074347019,449.123293019831,764.992411576211,162.313337229192,106.556311517954,,860.924348726869,,764.992411576211,143.902566298842,576.306888960302
2020-12-31,SE0000242455,,,78269.3621443138,63691.5146863014,439.276933223009,,1451.36709134281,14661.541827485,92930.9039717987,,
2020-12-31,SE0000382335,962.935706759596,652.445743257669,1808.58973475497,1122.79839920755,158.112320046484,,2111.07208006891,277.14437121217,2085.73410596714,1002.57446230012,1487.14803260886
2020-12-31,SE0000667891,2363.74395209551,2155.25441101938,1347.07132601738,-583.571679651737,256.553313106298,,2182.5537737608,433.100946426392,1780.17227244377,694.036305233836,1239.89078389853
2020-12-31,SE0000667925,1091.21136892587,190.874911591411,9975.55279614776,9714.81647270173,-2377.35507452488,,2285.40886056423,830.475045479834,10806.0278416276,1424.29704624414,844.606556139886
2020-12-31,SE0000695876,773.053343713284,917.851569138467,956.962017655373,384.834871284664,54.2521622627974,,1041.69995583594,200.926197342575,1157.88821499795,251.381661459804,803.505754008889
2020-12-31,SE0005190238,96.5321502834558,82.0025689005852,2561.88365437835,2934.27881557494,435.96531111002,,670.506077229977,468.927311480045,3030.8109658584,565.160908721387,175.748224124312
2020-12-31,SE0007100581,274.27072802186,1003.0387038216,2473.81050695479,2657.22159249336,143.276356711984,,2269.24035260081,457.681813560426,2931.49232051522,699.31074231118,1359.90910682827
2020-12-31,SE0007100599,,,71194.1526346207,107879.355272755,425.543441519141,,1370.71935282648,76257.6122288704,147451.764863491,398.170240499079,
2020-12-31,SE0009922164,495.797085270286,1630.39816298336,3801.77443827689,4170.58696296811,257.137717008591,,3015.13453322649,864.60960996151,4666.3840482384,1471.96601530164,1773.90265855938
2020-12-31,SE0011166610,1159.87856861204,1338.51280547678,2156.44862318784,1292.83419003338,408.693129003048,,2506.897939533,296.264135457575,2452.71275864542,1114.79705925286,2152.26888059825
2020-12-31,SE0011166628,1159.87856861204,1338.51280547678,2156.44862318784,1292.83419003338,408.693129003048,,2506.897939533,296.264135457575,2452.71275864542,1114.79705925286,2152.26888059825
2020-12-31,SE0012673267,221.674996990719,0.0,38.0779994830837,-171.705997669058,80.6000013150344,,177.65800289859,11.8909998385773,49.9689993216609,15.3349997918243,120.480998364446
2020-12-31,SE0015810247,755.239678867161,0.0,289.397415488958,-465.842263378203,367.78485584259,,114.543164849281,0.0,289.397415488958,,
2020-12-31,SE0015811559,503.559464365244,1416.932737872,607.45592302084,108.872342690825,229.086329698563,,1574.96851667762,4.97588403522968,612.431807056069,657.51331641525,361.34869863838
2020-12-31,SE0015811963,2775.74715021253,534.808016106486,8138.15785729885,5831.03946552426,745.407177373767,,1503.57383994758,468.628758437932,8606.78661573678,,
2020-12-31,SE0015812219,339.454808883369,,1365.58161462843,1217.89737646282,121.16640907526,,402.946490630507,191.770570717752,1557.35218534619,324.129086054862,156.939382471144
2020-12-31,SE0015961909,397.399994605217,371.099994962245,2148.89997082825,2250.49996944902,200.400003269639,,1038.00001693556,498.999993225977,2647.89996405423,207.399997184504,884.699987990022
2020-12-31,SE0016101844,310.79710044159,0.0,98.757564659372,-197.887823032983,20.7073782712221,,292.153250820935,14.1517127492353,112.909277408607,226.236330040812,191.706381813698
2020-12-31,SE0016589188,2026.97612059116,1314.9271151498,1588.0036310032,-228.691630259156,181.165209710598,,3302.07684925199,210.280859328806,1798.28449033201,3115.50051213801,1984.78062397242
2020-12-31,US0258161092,26942.094797194,0.0,25436.6393560767,9697.1926215291,1197.79518342018,63700.0,8170.67428690195,11202.6480626464,36639.2874187231,,
2020-12-31,US0311621009,8701.72860020399,3181.72531610727,27134.9761675,18632.6672891378,1354.64931458235,,5547.77124869823,199.419721841812,27334.3958893418,1161.37469154596,3698.25508743525
2020-12-31,US0378331005,62789.4243861437,4064.40277343988,81141.7598531842,28782.6407545209,24119.4681367278,,93561.3922578692,10430.3052874804,91572.0651406646,52180.9490193129,22149.4831214547
2020-12-31,US0970231058,20914.551975131,66785.1744684577,51468.268701911,32156.4301469922,-7062.62986302376,,12837.7137830853,1602.71342021227,53070.9821221232,10565.9760818481,8214.62141078711
2020-12-31,US1491231015,7654.77506053448,9318.78552639484,21622.3285288811,23225.0419490933,654.257873296738,97300.0,9430.5400890708,9257.48848074675,30879.8170096278,5008.37727642059,13600.5884884
2020-12-31,US1667641005,4897.22530031204,4638.96041464806,37090.4336746931,34513.5058756471,-557.796776592731,,21017.6147835851,2320.297501266,39410.7311759591,8949.36866462231,9315.51635062695
2020-12-31,US17275R1023,25183.1429764628,1181.99030280113,8430.32359421253,-12335.9948942065,2111.51473134756,,9922.87472963333,4416.82448804379,12847.1480822563,1536.75201624632,3545.14779537916
2020-12-31,US1912161007,8919.94608271122,2669.28201448917,33856.4015462995,27380.1643500924,1221.28136348724,,7270.65031504631,2443.70888650417,36300.1104328036,8845.57233399153,2569.57215356827
2020-12-31,US2546871060,13952.0248834491,1209.59503412247,43216.869063735,33675.7795851231,24.3249722123146,,13502.8759542704,4410.93540483713,47627.8044685721,13768.1337465048,11483.7971786857
2020-12-31,US38141G1040,,,186309.509718597,351952.107526481,3779.59740650654,,11878.974361062,175409.260414481,361718.770133078,155823.628389001,
2020-12-31,US4370761029,6498.47732633352,13685.9002539515,33894.1481119394,29242.7364119887,2370.37233299017,,26766.0419442058,1847.06562638283,35741.2137383223,9553.04975926876,2462.75416851044
2020-12-31,US4385161066,12439.213796854,3668.83250552416,13880.1030165553,6531.81318426132,1139.91852539778,,7466.08888489008,5090.92396456003,18971.0269811153,4699.44016635418,5579.66574186087
2020-12-31,US4581401001,19529.238743484,6887.33604902029,27993.1348065734,10651.7919457555,4912.8055947423,,16757.389477849,2187.89588266611,30181.0306892395,4561.31749016047,5542.88751447201
2020-12-31,US4592001014,11666.871021688,1503.00355929136,47345.0207646489,42657.8400074244,1060.23327159882,,17083.6796223521,6979.69026446342,54324.7110291123,4011.27866721153,15097.0536961555
2020-12-31,US46625H1005,,,228213.804711521,425494.668307185,10131.7703225017,,25602.4526495337,236162.805591166,464376.610302687,114658.984413564,
2020-12-31,US4781601046,20583.5479286313,7636.79459381104,27571.4111325145,9138.16356521845,1457.82074844837,,18850.1758802533,2150.30036133528,29721.7114938498,7768.37891846895,11095.5825562477
2020-12-31,US5801351017,2818.92853526473,41.7637204349041,39653.5492061198,39241.6330593646,1155.18454244137,,4457.17370144129,2407.01238850951,42060.5615946293,605.8599991858,1724.73540574908
2020-12-31,US58933Y1055,6589.02376019955,5157.12477385998,21839.7287174463,20751.9104806781,-1756.43075215816,,10461.4156355858,5501.2055234313,27340.9342408776,3754.6483694315,6416.5747384429
2020-12-31,US5949181045,107856.646934509,1572.47354435921,61158.1056779623,-40199.4198299646,12970.2429420352,,36131.810448885,6499.12142658234,67657.2271045446,10436.8436390162,22321.9321432114
2020-12-31,US6541061031,10321.3052558899,5514.08812880516,10196.0786914825,265.282590389252,1193.24412631989,,8515.76087665558,390.5091547966,10586.5878462791,1859.44970965385,3022.73858428001
2020-12-31,US7427181091,8514.42181223631,5106.78122484684,17912.8732300401,16862.9285396934,2714.02205711603,,15034.6361065507,7464.47712188959,25377.3503519297,10324.1725062132,4135.965267241
2020-12-31,US79466L3024,9849.37044799328,0.0,4616.0178399086,-4574.03907567263,221.522370636463,,4826.20086139441,659.313532412052,5275.33137232065,2156.5561234951,6801.38291925192
2020-12-31,US88579Y1010,4117.52687966824,3464.5090200305,15276.041069448,12044.4608228803,1165.08228975534,,7199.35298269987,885.94663310051,16161.9877025485,2093.08978539705,3845.36799699068
2020-12-31,US89417E1091,,,5483.22505670786,5059.866794765,1090.4297888279,,7043.33764368296,165.910670220852,5649.13572692871,3773.44613009691,
2020-12-31,US91324P1021,,,35221.2824293971,26037.3504034281,1855.40822529793,330000.0,54913.2053732276,4645.49876618385,39866.781195581,18385.0272247195,
2020-12-31,US92343V1044,19096.8902481794,1467.85991978645,115379.837670386,103944.260834277,3848.37836241722,,29099.3771030903,7661.31341207027,123041.151082456,16883.6582533121,20146.2956696749
2020-12-31,US92826C8394,15586.6127673984,0.0,17208.123948276,1621.51118087769,2548.25053727627,,4770.21093004942,0.0,17208.123948276,107.065506398678,1426.99522268772
2020-12-31,US9311421039,14602.8481629491,36998.1073263288,47699.399754405,37455.7581678033,-1734.84373408556,,126175.657692969,4359.20657634735,52058.6063307524,40448.5971239209,5363.40446591377
2020-12-31,US9314271084,952.380976676941,7036.57951712608,28125.7215940952,33391.8281710148,758.438813209534,,26993.3396940231,6218.4875535965,34344.2091476917,9069.86347079277,4018.78408670425
2020-12-31,US2605571031,4211.51568299532,4659.39276319742,14721.0984828472,11353.0301479697,1035.06950724125,,8980.10870707035,843.447348117828,15564.545830965,3075.47710365057,4002.28843384981
2020-12-31,DE0008404005,,,23842.0,5781.0,1817.0,,29106.0,4382.0,28224.0,9642.0,
2020-12-31,DE000ENER6Y0,4421.0,6552.0,1647.0,-1724.0,64.0,,6541.0,1050.0,2697.0,4825.0,9812.0
2021-03-31,CH0012221716,4613.2902348487,3807.53850994982,5435.20804504122,2157.74696340396,440.021954884219,,5790.85497229703,1335.82915321144,6771.03719825266,3788.81988487297,6557.47470305771
2021-03-31,DE0005140008,,,157991.0,-14245.0,1002.0,,8640.0,7745.0,165736.0,,
2021-03-31,DE0005190003,15835.0,16160.0,66979.0,91956.0,2811.0,,26778.0,40812.0,107791.0,9769.0,39435.0
2021-03-31,DE0005439004,2956.9,4147.3,4997.5,3844.5,445.9,234999.0,8575.3,1803.9,6801.4,4937.9,6557.6
2021-03-31,DE0005552004,6673.0,475.0,15877.0,12253.0,1190.0,,18860.0,3049.0,18926.0,7327.0,9787.0
2021-03-31,DE0005557508,9872.0,2569.0,127567.0,133985.0,936.0,,26390.0,16290.0,143857.0,8936.0,15249.0
2021-03-31,DE0005785604,1877.0,4092.0,20392.0,24631.0,435.0,,8984.0,6116.0,26508.0,1635.0,7596.0
2021-03-31,DE0005785802,1073.478,1989.405,10336.22,11827.006,248.946,,4210.125,2564.264,12900.484,635.422,3740.713
2021-03-31,DE0005810055,,0.0,,,317.3,,1077.7,,,,
2021-03-31,DE0006062144,2106.0,1928.0,2288.0,820.0,393.0,,3307.0,638.0,2926.0,1407.0,1880.0
2021-03-31,DE0006231004,3444.0,1937.0,7504.0,4954.0,209.0,,2700.0,894.0,8398.0,1273.0,1437.0
2021-03-31,DE0006599905,2238.0,3462.0,9001.0,10110.0,747.0,,4631.0,3347.0,12348.0,1937.0,3816.0
2021-03-31,DE0006969603,702.1,1224.0,783.1,351.3,109.2,,1548.8,270.3,1053.4,1054.9,917.5
2021-03-31,DE0007037129,9155.0,998.0,4354.0,-3523.0,895.0,,4707.0,1278.0,5632.0,2664.0,3259.0
2021-03-31,DE0007100000,31007.0,28823.0,85081.0,115915.0,4290.0,,41017.0,61841.0,146922.0,15452.0,53916.0
2021-03-31,DE0007164600,11745.0,0.0,12369.0,5218.0,1040.0,,6348.0,4594.0,16963.0,1203.0,6617.0
2021-03-31,DE0007165631,360.8,623.4,1893.7,1822.6,82.0,,791.1,289.7,2183.4,391.0,380.0
2021-03-31,DE0007236101,23639.0,7956.0,43570.0,28459.0,1391.0,,14665.0,8528.0,52098.0,7274.0,19914.0
2021-03-31,DE0007664039,58083.0,45987.0,135598.0,158703.0,3244.0,,62376.0,81188.0,216786.0,25216.0,77462.0
2021-03-31,DE0008430026,,,5413.0,-785.0,594.0,,16636.0,0.0,5413.0,,
2021-03-31,DE000A161408,876.3,142.9,338.0,-499.4,101.6,,1442.9,38.9,376.9,412.3,14.7
2021-03-31,DE000A1DAHH0,690.6,1092.8,1885.0,1451.3,97.5,,3132.5,256.9,2141.9,1485.7,1938.7
2021-03-31,DE000A1EWWW0,3923.0,3938.0,4552.0,1889.0,506.0,,5268.0,1260.0,5812.0,2059.0,2418.0
2021-03-31,DE000A1ML7J1,2150.5,570.2,24706.5,24860.7,234.7,,1119.2,2304.7,27011.2,,
2021-03-31,DE000BASF111,4334.0,10596.0,15584.0,15962.0,1718.0,,19400.0,4712.0,20296.0,5354.0,12531.0
2021-03-31,DE000BAY0017,5550.0,10457.0,37918.0,37315.0,2089.0,,12328.0,4947.0,42865.0,5190.0,12973.0
2021-03-31,DE000ENAG999,4240.0,1023.0,30138.0,29977.0,801.0,,18402.0,4079.0,34217.0,14410.0,14209.0
2021-03-31,DE000SHL1006,559.0,2425.0,11727.0,14015.0,443.0,,3965.0,2847.0,14574.0,1483.0,3581.0
2021-03-31,DE000ZAL1111,2123.9,1759.1,1488.8,-543.1,34.5,,2237.8,92.0,1580.8,2229.7,558.6
2021-03-31,FI4000297767,,,233579.999711559,176736.999781753,761.999972646825,,2840.99989801789,,233579.999711559,,
2021-03-31,GB0009895292,6606.82422725247,3639.92196319202,15208.032999087,10522.4205046273,1295.9890509283,,6978.08326268567,1921.2117327928,17129.2447318798,14779.206288136,5344.16780056314
2021-03-31,IE00BZ12WP82,3485.06762695312,1442.18496769667,8465.92355668545,9915.76614367962,812.795226037502,,6013.35630458593,4934.9102139473,13400.8337706327,2505.74320346117,3638.22001290321
2021-03-31,NL0000235190,17429.0,31186.0,14041.0,-454.0,362.0,,10460.0,2934.0,16975.0,11226.0,6550.0
2021-03-31,NL0012169213,673.642471294641,269.105759046078,1641.24137794894,967.598906654298,107.284818686664,,470.911469846606,0.0,1641.24137794894,88.0379473702312,316.254571907401
2021-03-31,SE0000106270,1697.12929308414,3626.70174524188,6085.9895991534,5803.62510338426,-105.718395411968,,3958.01768243313,1414.764797315,7500.7543964684,3563.24574358761,
2021-03-31,SE0000108227,1411.03306189179,1653.51013734937,1792.80755549669,462.20972314477,176.068311139941,,1962.73681301624,80.4352295398712,1873.24278503656,897.087086737156,1444.02712449431
2021-03-31,SE0000108656,4406.56205326319,2952.87098735571,2988.20782363415,-971.665382087231,314.887602470815,,4918.25386752188,446.688847541809,3434.89667117596,2844.02962699533,5263.52914080024
2021-03-31,SE0000112724,115.86968138814,370.451087504625,821.923097968102,853.648158162832,79.2406203895807,,412.209312051535,147.59474158287,969.517839550972,308.269969522953,246.57692939043
2021-03-31,SE0000113250,1606.06897041202,4950.0855460763,955.070735216141,-90.4896332323551,114.711172409356,,3225.35013964772,560.50860196352,1515.57933717966,3471.79535657167,2688.72325539589
2021-03-31,SE0000115446,7064.53640416265,5529.53156858683,8660.55097088218,7248.63936886191,873.42529207468,,9289.33247853816,5652.62480214238,14313.1757730246,6973.85153979063,10392.9344886541
2021-03-31,SE0000148884,,,97640.1689535379,51234.4103653729,594.601064220071,,1549.8358746022,2342.77367591858,99982.9426294565,,
2021-03-31,SE0000202624,555.530207902193,469.042813032866,574.467628449202,233.301211893559,63.6296253502369,,609.520432896912,214.36379134655,788.831419795752,152.963597923517,419.746950268745
2021-03-31,SE0000242455,,,74393.6066919565,54736.8570108712,491.548736207187,,1397.0852522552,29137.1738229692,103530.780514926,,
2021-03-31,SE0000382335,1066.96162550113,728.324682160258,1819.96085880934,1032.92776184878,130.346111678834,,1861.37568397418,279.928528540567,2099.8893873499,1015.05998343129,1569.81196096458
2021-03-31,SE0000667891,2258.53143915534,2301.18944317102,1912.77709081769,-35.0439895689487,314.195976108313,,2143.15248986334,310.710358768702,2223.48744958639,2474.26184847951,
2021-03-31,SE0000667925,841.739058643579,446.786463111639,9259.71533849835,9685.02637624741,95.3456342592835,,2155.30535309017,1267.05009639263,10526.765434891,2845.10339826345,1337.43092224002
2021-03-31,SE0000695876,828.365725576878,930.178764909506,952.435114830732,233.594058603048,109.375769041479,,886.170977897942,109.524669349194,1061.95978417993,280.54714769125,589.207579493523
2021-03-31,SE0005190238,457.426560223103,86.6826260089874,2743.38797450066,2946.52597531676,85.6628651842475,,647.164667770267,660.564561039209,3403.95253553987,519.802909344435,
2021-03-31,SE0007100581,352.392207086086,1073.2831902802,2444.58671525121,2564.36101943254,222.604884959757,,2154.41611919552,472.166511267424,2916.75322651863,738.461785763502,1436.51072561741
2021-03-31,SE0007100599,,,72346.7058081925,86700.4896582663,432.760495394468,,1331.67715911567,81161.489379406,153508.195187598,,
2021-03-31,SE0009922164,809.233073890209,1736.97144955397,4009.55953076482,4619.75445777178,210.64962926507,,2719.87007242441,1419.42800089717,5428.98753166199,1411.13067746162,1755.90887010098
2021-03-31,SE0011166610,1439.43919271231,1434.55841422081,2060.1766012609,903.529714345932,406.577497385442,,2570.97279695421,282.792305797338,2342.96890705824,2901.3299664855,2781.16520002484
2021-03-31,SE0011166628,1439.43919271231,1434.55841422081,2060.1766012609,903.529714345932,406.577497385442,,2570.97279695421,282.792305797338,2342.96890705824,2901.3299664855,2781.16520002484
2021-03-31,SE0012673267,326.040999597382,0.0,43.7359999459917,-270.741999665669,132.03799526034,,235.840991534209,11.5629999857212,55.2989999317129,6.34399999216599,150.487999814167
2021-03-31,SE0015810247,653.048162162304,,286.501697450876,-366.546464711428,599.936467587948,,0.296411298215389,0.0,286.501697450876,,
2021-03-31,SE0015811559,703.905874043703,1454.96006831527,598.871520906687,-99.9583435058594,215.095798738301,,1687.8647358045,5.07600963115692,603.947530537844,727.919304221869,331.697706282139
2021-03-31,SE0015811963,2698.77765908837,556.408748030663,7954.20470759273,5939.51696187258,8717.4562805146,,9415.01086898148,684.089913368225,8638.29462096095,,
2021-03-31,SE0015812219,364.301306605339,0.0,1367.00843989849,1119.16250810027,175.870703607798,,440.170777849853,116.455374807119,1483.46381470561,323.205151706934,180.295957475901
2021-03-31,SE0015961909,444.399999451224,395.799999511239,1887.39999766931,2072.49999744073,199.699992831533,,977.899964897126,629.49999922265,2516.89999689196,213.999999735738,912.399998873304
2021-03-31,SE0016101844,312.330777227879,0.0,103.511550247669,-200.385241746902,13.9115702629089,,330.982735963911,8.43398523330688,111.945535480976,320.999039828777,
2021-03-31,SE0016589188,1882.41864860058,1683.08765500784,1300.33700570464,-129.828707873821,153.738660007715,,2867.87811399996,452.252935022116,1752.58994072676,3470.33112302423,2058.02905872464
2021-03-31,US0258161092,34272.1005892754,0.0,35751.7228068709,2822.25813442469,1843.11072707176,,7825.74851953983,1342.63591682911,37094.3587237,,
2021-03-31,US0311621009,8990.0450552702,3417.85074645281,26486.0034568906,18819.8756935,1366.55867421627,,4900.01779782772,1323.91729187965,27809.9207487702,1187.7818377018,3763.29446142912
2021-03-31,US0378331005,59418.0206691027,4440.56834596395,92437.6750799417,44083.2126025558,19618.3362525702,,74636.0216857195,11063.5581917167,103501.233271658,34141.9210612178,15743.2144290805
2021-03-31,US0970231058,18650.5572223663,70337.785787344,48969.6245609522,35442.0146486163,-445.833540737629,,12633.610781014,5122.94731003046,54092.5718709826,10559.00616467,9558.41057646275
2021-03-31,US1491231015,9657.9596273303,10336.9352050424,22424.9126894474,22827.3631258607,1270.25198757648,,9879.73768115044,10060.4100637436,32485.322753191,5695.56706416607,14577.5546026826
2021-03-31,US1667641005,6398.36634635925,4781.75782799721,34543.5206510425,32264.102640152,1143.22678881884,,26027.7122944593,4118.94833546877,38662.4689865112,10828.7245332599,11972.2623483539
2021-03-31,US17275R1023,19592.1251058578,1311.67969226837,8475.66048145294,-9176.77362918854,2389.17149454355,,10684.0945318341,1939.69099521637,10415.3514766693,2026.91478729248,3675.85980892181
2021-03-31,US1912161007,10711.3077040315,2855.44115138054,34178.5074645281,27562.3243914843,1863.86647850275,,7508.60063767433,4095.12463098764,38273.6320955157,9298.90236693621,3200.88486635685
2021-03-31,US2546871060,13520.803139627,1196.29030358791,43310.6439000964,34250.8294245601,757.169812202454,,12966.533033967,4460.98866409063,47771.632564187,14517.1444948912,10663.6602950692
2021-03-31,US38141G1040,,,198741.597014487,392390.026349545,5675.45267128944,,15893.9242157936,203237.47038871,401979.067403197,190817.662734747,
2021-03-31,US4370761029,5522.51209259033,15931.2179470062,33208.1744003296,29319.6546792984,3458.99959653616,,31293.723732233,1633.99237155914,34842.1667718887,12040.20611763,3010.46688079834
2021-03-31,US4385161066,10771.7178118229,3919.85023373365,14263.5922114849,8077.93751227856,1184.73829168081,,7017.93467384577,4586.06311261654,18849.6553241014,4928.1034412384,5679.40097898245
2021-03-31,US4581401001,19056.4110451341,7221.13499754667,28279.5880656838,11475.3679406047,2790.40322238207,,16333.1159160733,2252.19092005491,30531.7789857388,4623.50036251545,6132.90221071243
2021-03-31,US4592001014,9591.5935934186,1555.34756398201,46443.4610393643,42412.1499025226,793.699934720993,,14719.9789148569,5560.28245657682,52003.7434959412,3522.50487685204,13445.0777932405
2021-03-31,US46625H1005,,,258248.105728805,525413.934552848,11814.1737145185,,28882.8734613061,305451.3727718,563699.478500605,6806.77270889282,
2021-03-31,US4781601046,20946.992165029,8467.62524986267,25749.1703111529,7652.51421797276,5144.93566471338,,18517.4511966705,2850.33607184887,28599.5063830018,7234.74854296446,12709.9463406801
2021-03-31,US5801351017,2569.30144363046,38.5433504641056,40784.6505478263,39592.3592232048,1276.22964398861,,4254.59695132971,1377.01011900902,42161.6606668353,570.067214369774,1475.11273067594
2021-03-31,US58933Y1055,5939.7600350976,5447.11986029148,20422.0198198557,20651.7483987808,2639.30135196447,,9939.51424527168,6169.48861402273,26591.5084338784,3432.31513845921,7006.72165721655
2021-03-31,US5949181045,106702.118138015,1910.15059143305,60052.7522242069,-37562.3243474364,12832.8659947515,,34625.5747672319,9087.04156637192,69139.7937905788,11411.5544464588,22395.9839054346
2021-03-31,US6541061031,11021.9601845741,5605.85597395897,10096.1024427414,-542.264737486839,1257.22519290447,73300.0,10293.5833388567,383.593004345894,10479.6954470873,2319.55172777176,3650.2677577734
2021-03-31,US7427181091,8675.26745700836,5045.11325770617,20010.1182693243,19015.0934249163,2410.36406517029,101000.0,15714.6447277069,7680.24261260033,27690.3608819246,11569.2719197273,3984.31558459997
2021-03-31,US79466L3024,12479.6478891373,0.0,4586.31005764008,-7263.66512298584,391.380171477795,,4976.11932307482,629.672708511353,5215.98276615143,2830.20437717438,3094.36786174774
2021-03-31,US88579Y1010,4370.7989256978,3793.07409203053,14828.554346323,11848.8895930052,1348.293612957,,7348.3662366271,1391.13417237997,16219.688518703,2271.76039159298,4098.52801734209
2021-03-31,US89417E1091,,,5487.96049654484,5008.93386715651,604.40748167038,,6901.70246583223,85.0846588611603,5573.045155406,4247.42617034912,
2021-03-31,US91324P1021,,,31838.6793458462,22379.817820251,4036.57853829861,,58278.8290979862,7519.78215014935,39358.4614959955,19566.918998301,
2021-03-31,US92343V1044,9686.8884113431,1108.65310496092,142487.874808431,143298.731607378,4354.55665022135,,27287.1712912917,10497.74521029,152985.620018721,14650.7274093032,19770.2713329792
2021-03-31,US92826C8394,16641.7084266543,0.0,17845.6563495398,1203.94792288542,2450.00889891386,,4756.38799792528,0.0,17845.6563495398,107.206670165062,1523.86624020338
2021-03-31,US9311421039,18978.2357501984,38530.4871225357,47354.2120695114,33208.1744003296,2278.18308770657,,115419.598117471,4832.19808101654,52186.410150528,39999.1696405411,4815.584025383
2021-03-31,US9314271084,1162.22955048084,6815.52346527576,25198.5434347391,32482.7210396528,920.632099509239,,28352.1360599995,8446.40715539455,33644.9505901337,9234.0405523777,4214.61567461491
2021-03-31,US2605571031,3601.63360959291,5238.66244608164,15040.4151468873,12331.319608748,818.606836438179,,9864.79354012012,892.538071453571,15932.9532183409,3573.55567216873,4814.08999836445
2021-03-31,DE0008404005,,,21783.0,333.0,2566.0,,29496.0,,21783.0,,
2021-03-31,DE000ENER6Y0,4571.0,6851.0,1955.0,-1633.0,24.0,,6483.0,983.0,2938.0,5083.0,9642.0
2021-06-30,CH0012221716,3316.46825528246,3963.23437575072,4346.06595162111,3011.214884214,630.377390613848,,6136.22623126479,1981.61718787536,6327.68313949647,3969.98030660306,6952.52498469461
2021-06-30,DE0005140008,,,158374.0,-33322.0,795.0,,7541.0,6572.0,164946.0,,
2021-06-30,DE0005190003,14252.0,15016.0,62240.0,90098.0,4769.0,,28582.0,42110.0,104350.0,9560.0,38361.0
2021-06-30,DE0005439004,2357.3,4548.4,4691.5,4200.6,444.8,,8354.4,1866.4,6557.9,5132.0,6244.4
2021-06-30,DE0005552004,5406.0,573.0,15720.0,13791.0,1292.0,,19473.0,3477.0,19197.0,7663.0,10089.0
2021-06-30,DE0005557508,8861.0,2066.0,125662.0,133561.0,1879.0,,26593.0,16760.0,142422.0,8342.0,15963.0
2021-06-30,DE0005785604,2250.0,4197.0,22015.0,25039.0,471.0,,9246.0,5274.0,27289.0,1669.0,7369.0
2021-06-30,DE0005785802,1407.958,2052.942,10469.028,11707.567,218.577,,4320.17,2646.497,13115.525,684.981,3419.51
2021-06-30,DE0005810055,20846.4,0.0,4134.3,3327.8,310.9,,1112.9,20039.9,24174.2,,
2021-06-30,DE0006062144,856.0,2363.0,2351.0,2139.0,449.0,,3956.0,644.0,2995.0,1846.0,2266.0
2021-06-30,DE0006231004,3863.0,2053.0,7419.0,4443.0,245.0,,2722.0,887.0,8306.0,1277.0,1319.0
2021-06-30,DE0006599905,1825.0,3564.0,8721.0,10174.0,745.0,,4870.0,3278.0,11999.0,2107.0,3771.0
2021-06-30,DE0006969603,755.2,1388.7,827.8,342.5,48.7,14.767,1589.1,269.9,1097.7,1270.6,931.1
2021-06-30,DE0007037129,11036.0,1696.0,4971.0,-4658.0,537.0,,3741.0,1407.0,6378.0,2602.0,2955.0
2021-06-30,DE0007100000,30939.0,28915.0,81589.0,111681.0,3598.0,289643.0,43482.0,61031.0,142620.0,15295.0,51780.0
2021-06-30,DE0007164600,8643.0,0.0,11358.0,6550.0,1356.0,,6669.0,3835.0,15193.0,1076.0,5289.0
2021-06-30,DE0007165631,423.6,690.7,1751.7,1698.4,108.1,,838.1,370.3,2122.0,430.9,374.8
2021-06-30,DE0007236101,10678.0,8956.0,40333.0,40433.0,1248.0,,16085.0,10778.0,51111.0,8034.0,21499.0
2021-06-30,DE0007664039,62840.0,44942.0,132517.0,155531.0,4860.0,,67293.0,85854.0,218371.0,23825.0,76243.0
2021-06-30,DE0008430026,,,4251.0,-1347.0,1106.0,,19196.0,0.0,4251.0,,
2021-06-30,DE000A161408,933.4,166.2,355.8,-503.3,83.7,,1555.0,74.3,430.1,421.7,26.3
2021-06-30,DE000A1DAHH0,562.8,1207.8,1860.7,1695.3,134.1,17006.0,3470.1,397.4,2258.1,1555.2,2056.8
2021-06-30,DE000A1EWWW0,4151.0,4054.0,4679.0,1690.0,376.0,,5077.0,1162.0,5841.0,2165.0,2324.0
2021-06-30,DE000A1ML7J1,2253.6,532.5,28357.4,28636.6,2372.0,,1102.8,2532.8,30890.2,,
2021-06-30,DE000BASF111,3077.0,11155.0,14954.0,16241.0,1654.0,,19753.0,4364.0,19318.0,5771.0,12600.0
2021-06-30,DE000BAY0017,3389.0,10125.0,36664.0,36983.0,-2335.0,99439.0,10854.0,3708.0,40372.0,5118.0,13075.0
2021-06-30,DE000ENAG999,3523.0,1118.0,30863.0,29898.0,1747.0,,14638.0,2558.0,33421.0,14999.0,16053.0
2021-06-30,DE000SHL1006,1237.0,3208.0,12525.0,13646.0,390.0,,5000.0,2358.0,14883.0,2023.0,4462.0
2021-06-30,DE000ZAL1111,2298.7,1550.7,1474.4,-728.1,120.4,15822.0,2733.1,96.2,1570.6,2244.0,706.1
2021-06-30,FI4000297767,,,223002.999401925,171233.999540765,1025.00003955895,,2935.00011327366,,223002.999401925,,
2021-06-30,GB0009895292,13179.0205207053,4015.51575402127,20744.5827519272,10005.902968756,456.194142199991,,6818.02881615259,2440.34073753414,23184.9234894613,14949.8275520881,5359.64261498513
2021-06-30,IE00BZ12WP82,2645.24825161695,1426.76443791389,8418.92207336426,10418.2474175096,696.732902526855,,6290.50277709961,4644.57359576225,13063.4956691265,2650.30769997835,3807.23489195108
2021-06-30,NL0000235190,16268.0,29791.0,13054.0,-1312.0,1869.0,126050.0,14177.0,1902.0,14956.0,10565.0,5969.0
2021-06-30,NL0012169213,757.248479491651,287.579888103187,1635.64629323834,878.397813746691,100.405017361641,,470.550177936554,0.0,1635.64629323834,86.8572365028858,316.595824455798
2021-06-30,SE0000106270,2311.39677129686,3537.61869929731,5502.31581833214,4535.60079932213,272.340781792998,,4577.62826903164,1344.68175228685,6846.99757061899,4223.81769809872,
2021-06-30,SE0000108227,1159.14081338048,1813.54856928438,1788.01118661463,713.863515555859,205.970092885196,,2044.41832263023,84.9931423217058,1873.00432893634,914.119979657233,1485.30939203501
2021-06-30,SE0000108656,5534.21704435349,3008.776958175,2838.10047399998,-1321.63350310922,362.740053482354,101624.0,5417.04302211851,1374.48306724429,4212.58354124427,2922.30481685698,5620.49198580533
2021-06-30,SE0000112724,48.2153672799468,378.820942923427,915.796178519726,1005.62071756274,146.220032431185,,474.253780171275,138.039906322956,1053.83608484268,305.955592371523,275.784012846649
2021-06-30,SE0000113250,972.096740312874,4995.66420982778,915.993378385901,489.154268048704,226.379767000675,29740.0,3570.2140083164,545.257629975677,1461.25100836158,3249.85379457474,2803.8862972185
2021-06-30,SE0000115446,6696.41445565969,5910.57298894972,8684.58350644261,7563.50226723403,877.517389506102,93072.0,8929.08452933282,5575.33321645111,14259.9167228937,7089.43378894776,10295.2134134322
2021-06-30,SE0000148884,,,92529.3324074745,49930.2173162103,648.179698720574,,1539.99371985346,3450.9976580739,95980.3300655484,,
2021-06-30,SE0000202624,341.94456794858,478.406875342131,492.309465907514,201.143863499165,78.5821752175689,,649.46146569401,50.7789655402303,543.088431447744,155.689294345677,394.10393255204
2021-06-30,SE0000242455,,,74759.6524663866,50548.1430968717,548.497667171061,16356.0,1432.71968392283,34842.5541550443,109602.206621431,,
2021-06-30,SE0000382335,753.014603941141,759.760535443414,1522.89403663796,1108.862490686,86.2621743727259,,1677.13573636204,338.983057989181,1861.87709462714,926.722340124653,1448.68879011297
2021-06-30,SE0000667891,1700.94744569808,2431.67154981196,1876.65252646059,487.576669119298,346.767265044153,38995.0,2313.09639975429,311.871588356793,2188.52411481738,2616.54642435163,
2021-06-30,SE0000667925,1280.71453087777,434.924304850399,9224.12234029919,9208.34635100514,778.131150335073,,2157.01662137359,1264.93854158372,10489.0608818829,3283.08197202533,1322.12650277466
2021-06-30,SE0000695876,339.67676948756,972.29394017905,971.110740981996,742.260296285152,95.9353280887008,17555.0,983.509658463299,110.826324790716,1081.93706577271,295.109599731863,612.601384274662
2021-06-30,SE0005190238,211.102456741035,79.4715460687876,2730.33074713498,3014.29855442792,112.992688581347,,647.982503801584,495.070264033973,3225.40101116896,887.103597991168,
2021-06-30,SE0007100581,349.438162863255,1122.16583847255,2277.36265452951,2540.13147620857,316.695039898157,,2331.63272213936,612.20698454231,2889.56963907182,792.25046236068,1487.97159022838
2021-06-30,SE0007100599,,,73545.9858900085,94078.8303559497,466.464580871165,,1349.50342810899,79505.1686459705,153051.154535979,,
2021-06-30,SE0009922164,777.854872129858,1802.80117657781,4210.31574278325,4844.80631220341,174.51750330627,,2856.17120665312,1412.34544155002,5622.66118433326,1511.14257450402,1867.28553281724
2021-06-30,SE0011166610,1352.79108196497,1502.86018012464,2159.73293435574,1098.00885486603,450.491792432964,41105.0,2714.78244973719,291.067002475262,2450.799936831,3452.47665707022,2926.64321391284
2021-06-30,SE0011166628,1352.79108196497,1502.86018012464,2159.73293435574,1098.00885486603,450.491792432964,41105.0,2714.78244973719,291.067002475262,2450.799936831,3452.47665707022,2926.64321391284
2021-06-30,SE0012673267,200.391999462566,0.0,63.8089998288698,-124.160999667011,144.406005573297,7835.0,256.687009906741,12.4219999666852,76.230999795555,7.07599998102277,169.999999544074
2021-06-30,SE0015810247,637.744367212057,0.0,150.167698092759,-349.536762796342,1231.3836716339,,111.119336850941,138.039906322956,288.207604415715,,
2021-06-30,SE0015811559,523.762844562531,1512.52297356725,601.755391635001,82.4295440614223,215.928436294198,,1764.00714782625,4.43699698895216,606.192388623953,817.1962454319,380.004142120481
2021-06-30,SE0015811963,3353.28512438387,558.174221210182,7828.93328710645,5139.81731200218,3132.53988561779,14281.0,3967.46317262203,664.169149279594,8493.10243638605,,
2021-06-30,SE0015812219,193.453068718314,,1382.37106189132,1373.5956678465,142.078939132392,,444.18155502528,184.677674673498,1567.04873656482,339.085169889033,180.832277283072
2021-06-30,SE0015961909,412.699998893174,408.09999890551,1906.79999488612,2080.8999944192,235.200009077459,,1075.60004151239,586.799998426252,2493.59999331238,231.899999378064,896.099997596737
2021-06-30,SE0016101844,1209.2295793891,0.0,103.332729876041,-1103.43185118586,4.63408059626818,,363.035845860839,2.46499832719564,105.797728203237,319.069383472204,
2021-06-30,SE0016589188,1803.98437577486,1895.78091347963,1160.12681271136,-71.6821513548493,136.360286481678,,2987.79881507903,572.175411708653,1732.30222442001,3464.90024863929,2030.96142174304
2021-06-30,US0258161092,25968.4619562626,0.0,31506.0281878114,7109.36818915606,1877.86106109619,,8763.07513713837,1571.80195760727,33077.8301454186,,
2021-06-30,US0311621009,6815.07694280148,3469.93833452463,23996.963578105,20828.0624210835,384.86198425293,,5427.88108825684,3646.17578577995,27643.1393638849,1076.81925958395,3776.8782017827
2021-06-30,US0378331005,52024.6210174561,4366.30393588543,89174.4638524055,50674.5915463567,18035.4288482666,,67594.7037601471,13524.7487114072,102699.212563813,34074.5414726138,14735.6433525681
2021-06-30,US0970231058,17996.4578214884,68976.302752316,48085.8404681087,35599.1219121814,486.883587837219,,14098.8879489899,5509.7392655611,53595.5797336698,9655.11395633221,9922.42147809267
2021-06-30,US1491231015,9332.15250259638,10685.55493927,22096.2974770069,22361.0752745867,1172.00427532196,,10698.9972734451,9596.93030017614,31693.2277771831,5836.0736848712,14497.8492795825
2021-06-30,US1667641005,6694.49342352152,5260.98305445909,33325.7431151271,29580.0648449063,2556.3461971283,,30179.3174505234,2948.81515330076,36274.5582684278,12225.3137239218,13156.2522224188
2021-06-30,US17275R1023,20688.1422967911,1314.72419047356,8305.78483128548,-9983.13339757919,2506.59404146671,79500.0,10934.3813188076,2399.22406792641,10705.0088992119,1991.90412950516,4862.53988599777
2021-06-30,US1912161007,10997.5542548895,2766.67501229048,33564.3804295063,24425.3302060366,2190.5614233017,,8423.00312519073,1858.50403141975,35422.8844609261,10223.4586555958,3403.32226443291
2021-06-30,US2546871060,13553.4189187884,1133.31643295288,43098.067625165,33531.4940151572,765.576748847961,,14122.1123790741,3986.84530878067,47084.9129339457,15445.6526059508,11261.4888110757
2021-06-30,US38141G1040,,,213545.823472261,424237.274827302,4550.32940864563,,14104.6940565109,225313.257119477,438859.080591738,201279.190920055,
2021-06-30,US4370761029,3850.56488370895,15946.1960985661,32978.5786995888,31862.0329470634,4004.38602769375,,34252.6200721264,2734.01913118362,35712.5978307724,10808.7363369465,2801.48413133621
2021-06-30,US4385161066,10387.0474859476,3982.62910181284,14295.4713451266,8465.3003500104,1186.10482215881,,7304.91270542145,4556.87649083138,18852.347835958,5176.65891510248,5857.99796110392
2021-06-30,US4581401001,20960.4513198733,7434.85936707258,26742.5575555563,8897.88318490982,4197.8157377243,,16282.8138208389,3115.77694922686,29858.3345047832,4989.4593257308,6290.58079600334
2021-06-30,US4592001014,6885.06597846746,1523.737198174,43859.5146035552,43531.493701458,1099.01320934296,,15547.9264974594,6557.04507637024,50416.5596799254,3553.41923248768,13127.5820150375
2021-06-30,US46625H1005,,,272042.322185338,500377.756459355,9861.25890254974,,26400.3708982468,250758.909411728,522801.231597066,6998.90356659889,
2021-06-30,US4781601046,21339.0667055845,8516.73807501793,25558.6466389894,6895.18487519026,5207.24900245667,,19326.873049736,2675.60494178534,28234.2515807748,7339.57308959961,12539.8427637219
2021-06-30,US5801351017,2571.38030554056,40.3069386124611,40510.6657331467,38968.3772243142,1840.78491735458,,4883.68292474747,1029.09179670811,41539.7575298548,616.325134557486,1524.83341198564
2021-06-30,US58933Y1055,7230.79494982958,4636.98442322016,20265.6204115748,15132.8100489378,1006.11548900604,,9410.04140377045,2097.98458719254,22363.6049987674,3286.11171072721,6613.54224973917
2021-06-30,US5949181045,109903.023789048,2222.78431344032,60252.1272944808,-40522.808409214,13650.9882259369,181000.0,38280.4963302612,9128.08808535337,69380.2153798342,12786.0692506433,32079.4323354363
2021-06-30,US6541061031,11601.5082120895,5674.95461940765,10430.7682085037,-766.656804084778,1577.60307574272,,10328.5016735792,404.083199501038,10834.8514080048,1808.63234996796,3677.41125583649
2021-06-30,US7427181091,8947.75460779667,5441.99501556158,17738.4705137014,19135.424680531,3488.51858234406,,17254.2536302805,10344.7087746263,28083.1792883277,12272.3156978488,4885.45675885677
2021-06-30,US79466L3024,8137.96564340591,0.0,11539.0449635983,5161.91582417488,445.672253966331,,5281.42446756363,1760.83650398254,13299.8814675808,3573.95838308334,3981.27832150459
2021-06-30,US88579Y1010,4637.82766461372,4082.97482764721,14225.4823094606,11484.1045389771,1264.07255172729,,7423.52318763733,1896.44989413023,16121.9322035909,2471.54052454233,4208.61779528856
2021-06-30,US89417E1091,,,6062.90561974049,5566.23643893003,768.89452457428,,7205.3794336319,84.3241393566132,6147.2297590971,3940.46703213453,
2021-06-30,US91324P1021,,,37396.0693218708,23934.5637149811,3538.40781211853,,59156.7706441879,3261.6577103138,40657.7270321846,19405.5141901374,
2021-06-30,US92343V1044,3964.92103254795,1198.24602025747,141878.737433076,147108.520555973,4810.77480316162,,28005.3449058533,9194.7041554451,151073.441588521,14611.6868677139,18744.4129375815
2021-06-30,US92826C8394,17083.2273922563,0.0,17704.6962993145,621.468907058239,2086.05148792267,,5084.49130058289,0.0,17704.6962993145,145.037519693375,1561.68306088448
2021-06-30,US9311421039,19253.6677310467,40271.5452160835,47772.8099205494,32086.3540725708,3562.04590272903,,117497.532855034,3567.21188306808,51340.0218036175,41829.1434071064,5146.73619914055
2021-06-30,US9314271084,1075.86092948914,6911.77112102509,26093.4396457672,28068.1103754044,301.377748727798,315000.0,28843.029125452,3050.53165912628,29143.9713048935,9433.69079589844,4797.32318401337
2021-06-30,US2605571031,3074.45812094212,5862.21416807175,13923.601890564,11734.5472328663,1568.478474617,,11516.8289899826,885.403463244438,14809.0053538084,3932.87785959244,5486.97174793482
2021-06-30,DE0008404005,,,26277.0,2127.0,2225.0,,27866.0,,26277.0,11025.0,
2021-06-30,DE000ENER6Y0,4646.0,6825.0,1958.0,-1815.0,-230.0,,7262.0,873.0,2831.0,5526.0,10048.0
2021-09-30,CH0012221716,3870.7451380892,4196.90244129868,4334.09559264869,2724.01747680508,560.775974461532,,5996.31556353118,2260.66702224559,6594.76261489428,4005.34973941374,6788.04101679619
2021-09-30,DE0005140008,,,157228.0,-34459.0,306.0,,7510.0,5205.0,162433.0,,
2021-09-30,DE0005190003,17623.0,14812.0,61573.0,86881.0,2564.0,,27471.0,42931.0,104504.0,9606.0,37008.0
2021-09-30,DE0005439004,2485.4,4936.6,4593.3,4083.5,254.4,192495.0,8040.5,1975.6,6568.9,5376.2,7332.2
2021-09-30,DE0005552004,5907.0,547.0,16003.0,13509.0,1087.0,,20036.0,3413.0,19416.0,8058.0,10464.0
2021-09-30,DE0005557508,6337.0,2138.0,125704.0,134728.0,889.0,,26877.0,15361.0,141065.0,8235.0,16086.0
2021-09-30,DE0005785604,2413.0,4257.0,22142.0,24778.0,413.0,,9324.0,5049.0,27191.0,1649.0,7402.0
2021-09-30,DE0005785802,1561.834,2119.805,10570.078,11665.299,273.044,123528.0,4441.366,2657.055,13227.133,706.385,3323.596
2021-09-30,DE0005810055,,0.0,,,300.3,,1077.8,,,,
2021-09-30,DE0006062144,496.0,2626.0,2348.0,1998.0,472.0,17883.0,4302.0,146.0,2494.0,1801.0,2357.0
2021-09-30,DE0006231004,3922.0,2181.0,7220.0,4197.0,465.0,50280.0,3007.0,899.0,8119.0,1569.0,1565.0
2021-09-30,DE0006599905,1523.0,3760.0,8195.0,9442.0,761.0,,4973.0,2770.0,10965.0,2132.0,3930.0
2021-09-30,DE0006969603,749.4,1363.9,840.5,261.0,143.8,,1900.4,169.9,1010.4,1202.8,1058.6
2021-09-30,DE0007037129,7082.0,5564.0,5214.0,4839.0,1376.0,,4805.0,6707.0,11921.0,3698.0,4485.0
2021-09-30,DE0007100000,25185.0,20699.0,77029.0,105528.0,1921.0,,31647.0,53684.0,130713.0,11339.0,38498.0
2021-09-30,DE0007164600,9500.0,0.0,11342.0,6047.0,1406.0,,6845.0,4205.0,15547.0,1142.0,5030.0
2021-09-30,DE0007165631,356.0,804.7,1763.7,1771.7,105.6,,897.7,364.0,2127.7,475.4,434.3
2021-09-30,DE0007236101,10677.0,8836.0,40879.0,38023.0,1107.0,,17444.0,7821.0,48700.0,8832.0,19955.0
2021-09-30,DE0007664039,58684.0,43779.0,136259.0,158622.0,2761.0,,56931.0,81047.0,217306.0,22210.0,70204.0
2021-09-30,DE0008430026,,,5290.0,-967.0,365.0,,17802.0,0.0,5290.0,,
2021-09-30,DE000A161408,955.1,187.6,436.0,-434.7,23.1,,1415.5,84.4,520.4,456.5,37.5
2021-09-30,DE000A1DAHH0,544.0,1431.1,2187.7,2031.5,157.4,17321.0,3738.2,387.8,2575.5,1660.1,2189.4
2021-09-30,DE000A1EWWW0,3603.0,3664.0,4607.0,1672.0,455.0,,5752.0,668.0,5275.0,1958.0,2909.0
2021-09-30,DE000A1ML7J1,2173.3,533.9,39718.4,45476.7,1176.2,,1181.9,7931.6,47650.0,,
2021-09-30,DE000BASF111,3099.0,12504.0,15092.0,16680.0,1296.0,110672.0,19669.0,4687.0,19779.0,6235.0,12291.0
2021-09-30,DE000BAY0017,4316.0,10644.0,36974.0,37450.0,85.0,99814.0,9781.0,4792.0,41766.0,5587.0,10048.0
2021-09-30,DE000ENAG999,6231.0,1291.0,30370.0,27093.0,1236.0,,15047.0,2954.0,33324.0,18942.0,21362.0
2021-09-30,DE000SHL1006,1322.0,3179.0,12165.0,12994.0,462.0,66000.0,5164.0,2151.0,14316.0,1921.0,4846.0
2021-09-30,DE000ZAL1111,1949.1,1920.8,1475.4,-372.6,-8.4,16619.0,2283.4,101.1,1576.5,2448.3,645.6
2021-09-30,FI4000297767,,,243020.991608347,165934.99427017,1000.9999688935,27126.0,2829.99991205656,,243020.991608347,,
2021-09-30,GB0009895292,6168.51453939253,9084.08463711352,24970.0157022633,21366.7541668733,-1401.51579506676,,8370.06951218443,2565.25300400251,27535.2687062658,16103.3692612509,7125.41517223436
2021-09-30,IE00BZ12WP82,4055.39504885674,1461.66791760921,9956.42626994848,10377.4970750213,829.710888504982,,6505.34058594704,4476.46585392952,14432.892123878,2648.08668190241,3911.29909712076
2021-09-30,NL0000235190,16154.0,30809.0,13025.0,-1231.0,404.0,125888.0,10518.0,1898.0,14923.0,11037.0,6076.0
2021-09-30,NL0012169213,826.021846251369,289.650982839525,1353.51484590626,848.159988968074,112.95181798023,,453.664365105927,320.666989313185,1674.18183521944,81.3365562298894,310.211835737228
2021-09-30,SE0000106270,3461.43854060769,3615.29986618459,5301.30226939917,3099.38881847262,461.087904363871,153000.0,5462.39794630557,1259.52508968115,6560.82735908031,4903.65556754172,
2021-09-30,SE0000108227,1286.00747290999,1918.01421318203,1797.19519682229,590.385821983218,172.273646384478,,1976.43785880506,79.1980980709195,1876.39329489321,876.011839434505,1370.43284270912
2021-09-30,SE0000108656,6064.8187379539,3434.51478097588,2892.25930999964,-1956.18315957487,564.304108202457,102203.0,5519.72219050676,1216.37626837939,4108.63557837903,3143.95737510175,4861.85584608465
2021-09-30,SE0000112724,110.857611745596,367.980204112828,905.797425508499,890.411493629217,178.650518260896,,498.08274640888,95.4716798663139,1001.26910537481,320.342991948128,289.669755958021
2021-09-30,SE0000113250,1082.43975881487,5179.53588828444,925.128468126059,454.674012586474,117.432548247278,,3325.48963069171,611.985303275287,1537.11377140135,3376.42302535474,2956.46598726511
2021-09-30,SE0000115446,3584.23173349351,6171.63261119276,9549.33779753745,10388.0683404952,691.939651452005,95470.0,8364.29757599533,4422.96227645129,13972.3000739887,5926.73986211419,10222.6695727929
2021-09-30,SE0000148884,,,93859.0172242746,38948.0071358755,650.833354279399,,1636.89395781606,3057.46082216501,96916.4780464396,,
2021-09-30,SE0000202624,459.01363439858,495.900419801474,431.496486999094,88.8636193796992,74.2660309299827,10667.0,618.654677733779,116.380766779184,547.877253778279,158.987962752581,379.125141948462
2021-09-30,SE0000242455,,,73677.7046148479,49842.2331840917,539.385255023837,16438.0,1439.30903536826,40456.9133654982,114134.617980346,,
2021-09-30,SE0000382335,779.153551690322,795.547701725888,1528.970203317,1096.68235237918,50.902506414524,,1566.94882246043,346.865700752503,1875.83590406951,928.426602014161,1358.12590294636
2021-09-30,SE0000667891,1026.32055856287,2739.09038558602,2039.03048507869,1862.78266284615,384.182004123926,41518.0,2435.5726339072,850.07273633033,2889.10322140902,2784.06464800239,
2021-09-30,SE0000667925,1385.42426351458,556.556497402489,9023.45453612506,9082.03943058848,156.57673099637,,2086.80679512769,1444.009157978,10467.4636941031,3417.84668810666,1311.65069270879
2021-09-30,SE0000695876,320.934758558869,1008.37030470371,473.413288593292,722.94154278934,119.394662670791,17678.0,1008.03628508002,570.463012754917,1043.87630134821,288.288967199624,645.124233476818
2021-09-30,SE0005190238,243.314704783261,74.7598484903574,2729.03035320342,3014.36048734933,101.833738580346,,651.323882885277,528.644838929176,3257.67519213259,711.599349416792,
2021-09-30,SE0007100581,591.273471899331,1242.11811594665,2190.22685412318,2258.37864212692,234.668885052204,,2347.6699077338,659.425259903073,2849.65211402625,842.971537001431,1495.49285311252
2021-09-30,SE0007100599,,,70676.9547595456,93220.3037957475,509.463010065258,12198.0,1357.78318107128,83085.6101924181,153762.564951964,,
2021-09-30,SE0009922164,996.140461415052,1982.71402928978,4851.79581370205,5337.04443451017,268.417253136635,,3055.50268601626,1481.38908222318,6333.18489592522,1643.92764464021,1886.35469950736
2021-09-30,SE0011166610,1687.12660722435,1639.39076729119,2171.98071695864,763.773438930511,447.067771397531,42066.0,2729.69358599186,278.919329196215,2450.90004615486,3647.74801637977,3029.35190815479
2021-09-30,SE0011166628,1687.12660722435,1639.39076729119,2171.98071695864,763.773438930511,447.067771397531,42066.0,2729.69358599186,278.919329196215,2450.90004615486,3647.74801637977,3029.35190815479
2021-09-30,SE0012673267,391.930986466401,0.0,58.1909979906318,-321.821988887305,157.43399510781,8091.0,276.015991422927,11.9179995884647,70.1089975790965,7.82399972983285,180.179993778283
2021-09-30,SE0015810247,463.254628442228,0.0,150.012835822999,-175.162916779518,-31.0995136126876,,0.196211442351341,138.07887583971,288.09171166271,,
2021-09-30,SE0015811559,617.212575003505,1598.06573230773,604.095081798732,-8.77787139266729,176.394086673856,,1560.46960102022,4.33962181210518,608.434703610837,795.728835910559,343.027378693223
2021-09-30,SE0015811963,2854.68213021755,625.004168711603,8120.91182697564,5946.66267134249,2645.51887722313,8175.0,3696.81978534162,680.432974584401,8801.34480156004,,
2021-09-30,SE0015812219,221.222084648907,,1411.2647388503,1295.67299421877,150.984704889357,,468.749135777354,105.630340017378,1516.89507886767,344.999934062362,179.403910823166
2021-09-30,SE0015961909,707.199975579984,425.29998531415,1261.79995642933,1980.09993162603,228.399992902573,21427.0,1077.19996652649,1425.49995077668,2687.29990720601,230.199992051064,900.599968901772
2021-09-30,SE0016101844,1177.02378876507,0.0,95.0771687924862,-1072.97149304301,26.0961218327284,,386.340329989791,8.97512692958117,104.052295722067,311.663748323917,
2021-09-30,SE0016589188,1788.81183650345,2104.42069556564,1178.20732198656,-7.49571040272713,112.134839303792,,3034.31185024232,603.108804114163,1781.31612610072,3491.62025891244,2092.58536335081
2021-09-30,US0258161092,24087.3208901882,0.0,29753.6569084525,7610.33709168434,1529.62038034201,,9531.49471610785,1944.00107342005,31697.6579818726,,
2021-09-30,US0311621009,11148.8849843144,3582.55324316025,28725.1396960616,21276.1555563211,1598.33876681328,,5693.44557541609,3699.90084457397,32425.0405406356,1010.3973621726,4111.48029953241
2021-09-30,US0378331005,54048.0618011355,5677.55306839943,103007.897090971,63749.9473180175,17434.9575354457,154000.0,70720.5518054962,14790.1120281816,117798.009119153,47252.2551192641,22673.9725731611
2021-09-30,US0970231058,17252.685957849,70664.8273013234,49218.6902929544,36605.5488409996,-92.4728904366493,,12961.4754136801,4639.54450589418,53858.2347988486,8758.79045552015,10640.6663281918
2021-09-30,US1491231015,8621.59730386734,11791.7082420588,23429.8291822672,23117.4774785042,1209.78295195103,,10515.6098803878,8309.24560010433,31739.0747823715,6228.05137503147,14166.2714706659
2021-09-30,US1667641005,5416.97236526012,5288.40771371126,31973.769985199,26807.8869729638,5184.42049044371,,35927.8388724923,251.08935302496,32224.8593382239,12969.498506248,13946.2447180152
2021-09-30,US17275R1023,20182.3284039497,1583.06326580048,8494.27505612373,-10945.7764126062,2543.99539589882,,11012.5975191593,742.276935219765,9236.5519913435,1953.76967465878,4585.00747179985
2021-09-30,US1912161007,12829.716804564,2745.58873307705,33991.1133095026,23158.0314289927,2096.33497494459,,8535.50229984522,1996.63492405415,35987.7482335567,11070.3656333685,3355.62369042635
2021-09-30,US2546871060,13772.8118659258,1148.45336383581,44668.8821881413,36542.5607902408,135.740022659302,190000.0,15726.3300002217,5646.49046802521,50315.3726561666,14113.6376200318,9497.39006441832
2021-09-30,US38141G1040,,,219661.767096341,442107.951176226,4562.56151163578,,12452.4503287077,231273.139686227,450934.906782568,217541.7446208,
2021-09-30,US4370761029,4378.48338854313,17785.2664501667,36294.6633679867,34735.7953922749,3524.88489586115,,31432.8558647633,2819.61541283131,39114.278780818,11557.5716048479,3052.92713868618
2021-09-30,US4385161066,10471.5477261543,4285.77600163221,13089.4346576929,8736.35635524988,1066.40755301714,,7186.58582466841,6118.4694237113,19207.9040814042,5277.19066357613,6246.17122524977
2021-09-30,US4581401001,29884.8101100326,8454.2044018507,30726.0888701677,4891.49670892954,5788.4635912776,,16282.0157179832,4050.21794879436,34776.3068189621,5860.47727060318,7247.94008731842
2021-09-30,US4592001014,7253.98003739119,1631.64936965704,43244.3168209791,43635.1878756881,958.663910031319,,14946.6732450724,7644.85109210014,50889.1679130793,3665.38684415817,12369.8177490234
2021-09-30,US46625H1005,,,276098.19772625,499969.810023308,9867.45127218962,,26609.2863169312,263439.325223744,539537.522949994,8110.79009771347,
2021-09-30,US4781601046,26749.2131722569,8962.42305797338,25997.6708132029,2525.56198042631,3110.99164432287,,19801.9241805673,3277.1043394804,29274.7751526833,7731.99894315004,12865.9565050006
2021-09-30,US5801351017,3715.25957475901,43.228785520792,41084.2581049561,38405.7128176868,1823.92171697021,,5261.02876573205,1036.71428748965,42120.9723924458,666.637918031216,1577.72124400735
2021-09-30,US58933Y1055,8642.30570411682,4834.54860824347,19765.3051881194,14172.3114207387,3874.52927178144,,11125.591607213,3049.31193673611,22814.6171248555,2904.35313498974,7395.48743909597
2021-09-30,US5949181045,112701.154107749,2943.18138545752,62776.6525062919,-44592.0885372162,17395.9322789311,,38445.8162928224,5332.41306424141,68109.0655705333,12797.7913541794,23598.0849342942
2021-09-30,US6541061031,13417.7323277593,5780.02824103832,10884.8610527515,-2114.42779183388,1153.57189071178,,9816.14614856243,418.443483173847,11303.3045359254,2483.12003284693,3328.00273454189
2021-09-30,US7427181091,10151.2488155365,5867.92128777504,19628.913380146,21200.3168480396,3694.61377614737,,18331.3384919763,11722.6522834301,31351.5656635761,12446.359644413,4608.68806672096
2021-09-30,US79466L3024,8114.92747223377,0.0,11757.1827480793,4257.50693809986,399.526793718338,,5858.87261813879,615.251662254333,12372.4344103336,3635.3423358202,4115.7916675806
2021-09-30,US88579Y1010,4946.71910959482,4271.1075514555,14472.5832243562,11453.4710379839,1216.56995308399,,7586.17051637173,1927.60692322254,16400.1901475787,2469.47672975063,4241.77065110207
2021-09-30,US89417E1091,,,6203.89157474041,5584.36526727676,557.382468044758,,7469.9431219697,86.285001039505,6290.17657577991,4024.33244848251,
2021-09-30,US91324P1021,,,37400.2337005734,22330.5582690239,3466.46082866192,,61368.9126194119,3123.51703763008,40523.7507382035,20960.3524525166,
2021-09-30,US92343V1044,9499.9786144495,1987.1435739398,143974.289884508,144163.254036784,5435.53953236341,,27924.2677864432,9688.94276672602,153663.232651234,17389.0162594914,19755.8138380051
2021-09-30,US92826C8394,16880.7976033688,0.0,17669.4425128698,1754.17407113314,2971.85812109709,21500.0,5564.49255388975,965.529161632061,18634.9716745019,229.518102765083,1698.08882045746
2021-09-30,US9311421039,13921.7970935106,49672.9305520058,46300.2799371481,35848.7787363529,2650.70661216974,,119964.749331772,3470.29589271545,49770.5758298635,49389.5000109673,6350.39953076839
2021-09-30,US9314271084,3791.75538468361,8417.73249059916,30441.5412971377,31047.4403534532,3088.84619951248,,29249.9930194616,4397.65444099903,34839.1957381368,11062.5440604687,5294.95362997055
2021-09-30,US2605571031,2689.50348240137,6135.7264239192,13335.3469106555,11486.2593383789,1421.02836221457,,12587.3419762254,840.415910124779,14175.7628207803,3969.97289782763,5950.21367168427
2021-09-30,DE0008404005,,,20200.0,-1736.0,2111.0,,28525.0,0.0,20200.0,,
2021-09-30,DE000ENER6Y0,5333.0,6146.0,2177.0,-2605.0,-310.0,91000.0,8196.0,551.0,2728.0,5764.0,9705.0
